,nameFD,nameFD,categoryFDO,categoryFDS,descFD,priceFD,priceFDt1,priceFDea,priceFDt4volweight,priceFDt5,priceFDt6
0,Rao's Homemade Marinara Sauce,Rao's Homemade Marinara Sauce,jarsauce,pasta,32oz,"		$8.99/ea($4.50/lb)",8.99,ea(,4.50/lb),,
1,"FreshDirect Oven-Ready Garlic Bread Demi-Baguette 2pk, Frozen","FreshDirect Oven-Ready Garlic Bread Demi-Baguette 2pk, Frozen",jarsauce,pasta,"approx. 9.5""","		$3.99/2pk($3.99/ct)",3.99,2pk(,3.99/ct),,
2,Wild Harvest Organic Tomato Basil Pasta Sauce,Wild Harvest Organic Tomato Basil Pasta Sauce,jarsauce,pasta,26oz,"		$2.79/ea($1.71/lb)",2.79,ea(,1.71/lb),,
3,Barilla Tomato & Basil Pasta Sauce,Barilla Tomato & Basil Pasta Sauce,jarsauce,pasta,24oz,"		$2.99/ea($1.99/lb)",2.99,ea(,1.99/lb),,
4,Beef Bolognese Sauce,Beef Bolognese Sauce,jarsauce,pasta,16oz,"		$4.99/ea($4.99/lb)",4.99,ea(,4.99/lb),,
5,Buitoni Pesto Sauce with Basil,Buitoni Pesto Sauce with Basil,jarsauce,pasta,7oz,"		$5.19/ea($11.80/lb)",5.19,ea(,11.80/lb),,
6,Classico Sweet Basil & Marinara Sauce,classico pasta sauce,jarsauce,pasta,24oz,"		$3.29/ea($2.19/lb)",3.29,ea(,2.19/lb),,
7,Giovanni Rana All-Natural Basil Pesto Sauce,Giovanni Rana All-Natural Basil Pesto Sauce,jarsauce,pasta,7oz," 	$4.39/ea $5.29Save 16%($9.98/lb)",4.39,ea ,5.29Save 16%(9.98/lb),9.98/lb),
8,Green Basil & Pignoli Pesto,Green Basil & Pignoli Pesto,jarsauce,pasta,8 fl oz,"		$5.49/ea($10.98/lb)",5.49,ea(,10.98/lb),,
9,Newman's Own Marinara Pasta Sauce,Newman's Own Marinara Pasta Sauce,jarsauce,pasta,24oz,"		$2.99/ea($1.99/lb)",2.99,ea(,1.99/lb),,
10,Slow-Cooked Tomato Sauce,Slow-Cooked Tomato Sauce,jarsauce,pasta,16oz pint,"		$4.99/ea($4.99/lb)",4.99,ea(,4.99/lb),,
11,Turkey Bolognese Sauce,Turkey Bolognese Sauce,jarsauce,pasta,16 fl oz,"		$5.99/ea($5.99/lb)",5.99,ea(,5.99/lb),,
12,Barilla Marinara Pasta Sauce,Barilla Marinara Pasta Sauce,jarsauce,pasta,24oz,"		$2.99/ea($1.99/lb)",2.99,ea(,1.99/lb),,
13,Classico Four Cheese Pasta Sauce,classico pasta sauce,jarsauce,pasta,24oz jar,"		$3.29/ea($2.19/lb)",3.29,ea(,2.19/lb),,
14,Classico Tomato & Basil Pasta Sauce,classico pasta sauce,jarsauce,pasta,24oz jar,"		$3.29/ea($2.19/lb)",3.29,ea(,2.19/lb),,
15,Creamy Alfredo Sauce,Creamy Alfredo Sauce,jarsauce,pasta,16oz,"		$4.99/ea($4.99/lb)",4.99,ea(,4.99/lb),,
16,Cucina Antica All-Natural la Vodka Sauce,Cucina Antica All-Natural la Vodka Sauce,jarsauce,pasta,25oz,"		$7.49/ea($4.80/lb)",7.49,ea(,4.80/lb),,
17,Cucina Antica All-Natural Tomato Basil Sauce,Cucina Antica All-Natural Tomato Basil Sauce,jarsauce,pasta,25oz,"		$7.49/ea($4.80/lb)",7.49,ea(,4.80/lb),,
18,Newman's Own Bombolina Tomato & Fresh Basil Sauce,Newman's Own Bombolina Tomato & Fresh Basil Sauce,jarsauce,pasta,24oz,"		$2.99/ea($1.99/lb)",2.99,ea(,1.99/lb),,
19,Prego Traditional Pasta Sauce,Prego Traditional Pasta Sauce,jarsauce,pasta,24oz,"		$3.19/ea($2.13/lb)",3.19,ea(,2.13/lb),,
20,Rao's Homemade Tomato Basil Sauce,Rao's Homemade Tomato Basil Sauce,jarsauce,pasta,24oz,"		$8.29/ea($5.53/lb)",8.29,ea(,5.53/lb),,
21,San Marzano Tomato & Basil Marinara Sauce,San Marzano Tomato & Basil Marinara Sauce,jarsauce,pasta,NA,"		$6.99/ea($6.99/lb)",6.99,ea(,6.99/lb),,
22,Spicy Vodka Sauce,Spicy Vodka Sauce,jarsauce,pasta,NA,"		$4.99/ea($4.99/lb)",4.99,ea(,4.99/lb),,
23,Amy's Organic Tomato Basil Pasta Sauce,Amy's Organic Tomato Basil Pasta Sauce,jarsauce,pasta,24.5oz,"		$7.49/ea($4.90/lb)",7.49,ea(,4.90/lb),,
24,Barilla Mushroom Pasta Sauce,Barilla Mushroom Pasta Sauce,jarsauce,pasta,24oz,"		$2.99/ea($1.99/lb)",2.99,ea(,1.99/lb),,
25,Barilla Roasted Garlic Pasta Sauce,Barilla Roasted Garlic Pasta Sauce,jarsauce,pasta,24oz,"		$2.99/ea($1.99/lb)",2.99,ea(,1.99/lb),,
26,Barilla Traditional All-Natural Pasta Sauce,Barilla Traditional All-Natural Pasta Sauce,jarsauce,pasta,24oz,"		$2.99/ea($1.99/lb)",2.99,ea(,1.99/lb),,
27,Bel Aria Alla Genovese Pesto,Bel Aria Alla Genovese Pesto,jarsauce,pasta,6.5oz,"		$5.49/ea($13.39/lb)",5.49,ea(,13.39/lb),,
28,Classico Fire Roasted Tomato & Garlic Pasta Sauce,classico pasta sauce,jarsauce,pasta,24oz jar,"		$3.29/ea($2.19/lb)",3.29,ea(,2.19/lb),,
29,Classico Sundried Tomato Alfredo Pasta Sauce,classico pasta sauce,jarsauce,pasta,24oz jar,"		$3.29/ea($2.19/lb)",3.29,ea(,2.19/lb),,
30,Classico Vodka Sauce,classico pasta sauce,jarsauce,pasta,24oz,"		$3.29/ea($2.19/lb)",3.29,ea(,2.19/lb),,
31,Cucina Antica All-Natural Garlic Marinara Sauce,Cucina Antica All-Natural Garlic Marinara Sauce,jarsauce,pasta,25oz,"		$7.49/ea($4.80/lb)",7.49,ea(,4.80/lb),,
32,Cucina Antica All-Natural Spicy Arrabiata Sauce,Cucina Antica All-Natural Spicy Arrabiata Sauce,jarsauce,pasta,25oz,"		$7.49/ea($4.80/lb)",7.49,ea(,4.80/lb),,
33,Extra-Chunky Puttanesca Sauce,Extra-Chunky Puttanesca Sauce,jarsauce,pasta,16oz,"		$4.49/ea($4.49/lb)",4.49,ea(,4.49/lb),,
34,"Lucini Italia Rustic Tomato Basil Sauce, No Sugar Added","Lucini Italia Rustic Tomato Basil Sauce, No Sugar Added",jarsauce,pasta,25.5oz,"		$7.59/ea($4.77/lb)",7.59,ea(,4.77/lb),,
35,Mario Batali Marinara Sauce,Mario Batali Marinara Sauce,jarsauce,pasta,24oz,"		$7.99/ea($5.33/lb)",7.99,ea(,5.33/lb),,
36,Mario Batali Tomato Basil Sauce,Mario Batali Tomato Basil Sauce,jarsauce,pasta,24oz,"		$7.99/ea($5.33/lb)",7.99,ea(,5.33/lb),,
37,Marsala Wine & Mushroom Sauce,Marsala Wine & Mushroom Sauce,jarsauce,pasta,16 fl oz,"		$6.99/ea($6.99/lb)",6.99,ea(,6.99/lb),,
38,Michael's of Brooklyn Marinara Sauce,Michael's of Brooklyn Marinara Sauce,jarsauce,pasta,32oz,"		$7.69/ea($3.84/lb)",7.69,ea(,3.84/lb),,
39,Monte Bene All-Natural Garlic Marinara Pasta Sauce,Monte Bene All-Natural Garlic Marinara Pasta Sauce,jarsauce,pasta,24oz,"		$5.19/ea($3.46/lb)",5.19,ea(,3.46/lb),,
40,Monte Bene All-Natural Spicy Marinara Pasta Sauce,Monte Bene All-Natural Spicy Marinara Pasta Sauce,jarsauce,pasta,24oz,"		$5.19/ea($3.46/lb)",5.19,ea(,3.46/lb),,
41,Monte Bene All-Natural Tomato Basil Pasta Sauce,Monte Bene All-Natural Tomato Basil Pasta Sauce,jarsauce,pasta,24oz,"		$5.19/ea($3.46/lb)",5.19,ea(,3.46/lb),,
42,Muir Glen Organic Tomato Basil Pasta Sauce,Muir Glen Organic Tomato Basil Pasta Sauce,jarsauce,pasta,25.5oz,"		$3.79/ea($2.38/lb)",3.79,ea(,2.38/lb),,
43,Newman's Own Sockarooni Pasta Sauce,Newman's Own Sockarooni Pasta Sauce,jarsauce,pasta,24oz,"		$2.99/ea($1.99/lb)",2.99,ea(,1.99/lb),,
44,Newman's Own Tomato & Roasted Garlic Pasta Sauce,Newman's Own Tomato & Roasted Garlic Pasta Sauce,jarsauce,pasta,24oz,"		$2.99/ea($1.99/lb)",2.99,ea(,1.99/lb),,
45,Newman's Own Vodka Sauce,Newman's Own Vodka Sauce,jarsauce,pasta,26oz,"		$2.99/ea($1.83/lb)",2.99,ea(,1.83/lb),,
46,Pomi Marinara Sauce,Pomi Marinara Sauce,jarsauce,pasta,26.45oz,"		$3.99/ea($2.42/lb)",3.99,ea(,2.42/lb),,
47,Prego Marinara Pasta Sauce,Prego Marinara Pasta Sauce,jarsauce,pasta,23oz,"		$3.19/ea($2.22/lb)",3.19,ea(,2.22/lb),,
48,"Ragu Chunky Tomato, Garlic, & Onion Pasta Sauce","Ragu Chunky Tomato, Garlic, & Onion Pasta Sauce",jarsauce,pasta,24oz,"		$2.79/ea($1.86/lb)",2.79,ea(,1.86/lb),,
49,Ragu Old World Style Marinara Pasta Sauce,Ragu Old World Style Marinara Pasta Sauce,jarsauce,pasta,23.9oz,"		$2.79/ea($1.87/lb)",2.79,ea(,1.87/lb),,
50,Ragu Old World Style Traditional Pasta Sauce,Ragu Old World Style Traditional Pasta Sauce,jarsauce,pasta,24oz,"		$2.79/ea($1.86/lb)",2.79,ea(,1.86/lb),,
51,Rao's Homemade Arrabiatta Sauce,Rao's Homemade Arrabiatta Sauce,jarsauce,pasta,24oz,"		$8.29/ea($5.53/lb)",8.29,ea(,5.53/lb),,
52,Rao's Homemade Sensitive Formula Marinara Sauce,Rao's Homemade Sensitive Formula Marinara Sauce,jarsauce,pasta,24oz,"		$8.29/ea($5.53/lb)",8.29,ea(,5.53/lb),,
53,Rao's Homemade Vodka Sauce,Rao's Homemade Vodka Sauce,jarsauce,pasta,24oz,"		$8.29/ea($5.53/lb)",8.29,ea(,5.53/lb),,
54,Spicy Arrabiata Sauce,Spicy Arrabiata Sauce,jarsauce,pasta,16oz,"		$5.99/eaSave! 2 for $10.00($5.99/lb)",5.99,eaSave! 2 for ,10.00(5.99/lb),5.99/lb),
55,"Walnut Acres Organic Low-Sodium, Fat-Free Tomato & Basil Pasta Sauce","Walnut Acres Organic Low-Sodium, Fat-Free Tomato & Basil Pasta Sauce",jarsauce,pasta,25.5oz,"		$4.29/ea($2.70/lb)",4.29,ea(,2.70/lb),,
56,Wild Harvest Organic Roasted Garlic Pasta Sauce,Wild Harvest Organic Roasted Garlic Pasta Sauce,jarsauce,pasta,26oz,"		$2.79/ea($1.71/lb)",2.79,ea(,1.71/lb),,
57,Barilla All-Natural Pasta Sauce Flavored with Meat,Barilla All-Natural Pasta Sauce Flavored with Meat,jarsauce,pasta,24oz,"		$2.99/ea($1.99/lb)",2.99,ea(,1.99/lb),,
58,"Lucini Italia Tuscan Marinara Sauce with Roasted Garlic, No Sugar Added","Lucini Italia Tuscan Marinara Sauce with Roasted Garlic, No Sugar Added",jarsauce,pasta,25.5oz,"		$7.59/ea($4.77/lb)",7.59,ea(,4.77/lb),,
59,Mario Batali Alla Vodka Sauce,Mario Batali Alla Vodka Sauce,jarsauce,pasta,24oz,"		$7.99/ea($5.33/lb)",7.99,ea(,5.33/lb),,
60,Mario Batali Arrabiata Sauce,Mario Batali Arrabiata Sauce,jarsauce,pasta,24oz,"		$7.99/ea($5.33/lb)",7.99,ea(,5.33/lb),,
61,Mario Batali Marinara Sauce,Mario Batali Marinara Sauce,jarsauce,pasta,32oz,"		$8.99/ea($4.50/lb)",8.99,ea(,4.50/lb),,
62,Michael's of Brooklyn Arrabbiata Sauce,Michael's of Brooklyn Arrabbiata Sauce,jarsauce,pasta,32oz,"		$7.69/ea($3.84/lb)",7.69,ea(,3.84/lb),,
63,Michael's of Brooklyn Tomato Basil Sauce,Michael's of Brooklyn Tomato Basil Sauce,jarsauce,pasta,32oz,"		$7.69/ea($3.84/lb)",7.69,ea(,3.84/lb),,
64,Monte Bene All Natural Low Fat Vodka Pasta Sauce,Monte Bene All Natural Low Fat Vodka Pasta Sauce,jarsauce,pasta,24oz,"		$5.19/ea($3.46/lb)",5.19,ea(,3.46/lb),,
65,Prego Pasta Sauce with Meat,Prego Pasta Sauce with Meat,jarsauce,pasta,28oz,"		$3.19/ea($1.82/lb)",3.19,ea(,1.82/lb),,
66,Amy's Organic Family Marinara Pasta Sauce,Amy's Organic Family Marinara Pasta Sauce,jarsauce,pasta,24.5oz,"		$0.00/null($0.00/lb)",0,null(,0.00/lb),,
67,Amy's Premium Organic Tomato Basil Pasta Sauce (Light in Sodium),Amy's Premium Organic Tomato Basil Pasta Sauce (Light in Sodium),jarsauce,pasta,24.5oz,"		$0.00/null($0.00/lb)",0,null(,0.00/lb),,
68,Cucina Antica Tuscany Pumpkin Pasta Sauce,Cucina Antica Tuscany Pumpkin Pasta Sauce,jarsauce,pasta,25oz," 	$0.00/null $7.69($0.00/lb)",0,null ,7.69(0.00/lb),0.00/lb),
69,"FreshDirect Raw Almonds, Resealable Bag","FreshDirect Raw Almonds, Resealable Bag",gro_dfnt,pantry,16oz,"		$8.99/16oz($8.99/lb)",8.99,16oz(,8.99/lb),,
70,FreshDirect Blanched Almond Slices,FreshDirect Blanched Almond Slices,gro_dfnt,pantry,NA,"		$6.99/10oz($11.10/lb)",6.99,10oz(,11.10/lb),,
71,FreshDirect Raw Almonds Snack Packs,FreshDirect Raw Almonds Snack Packs,gro_dfnt,pantry,"10 pack, 2 oz ea (20 oz)","		$13.99/10pk($11.19/lb)",13.99,10pk(,11.19/lb),,
72,"FreshDirect Raw Almonds, Container","FreshDirect Raw Almonds, Container",gro_dfnt,pantry,7oz,"		$5.49/7oz($12.48/lb)",5.49,7oz(,12.48/lb),,
73,"FreshDirect Raw Almonds, Family-Size Tub","FreshDirect Raw Almonds, Family-Size Tub",gro_dfnt,pantry,NA,"		$16.99/32oz($8.50/lb)",16.99,32oz(,8.50/lb),,
74,"FreshDirect Roasted Unsalted Almonds, Resealable Bag","FreshDirect Roasted Unsalted Almonds, Resealable Bag",gro_dfnt,pantry,NA,"		$8.49/16oz($8.49/lb)",8.49,16oz(,8.49/lb),,
75,"FreshDirect Blanched Almond Slivers, Container","FreshDirect Blanched Almond Slivers, Container",gro_dfnt,pantry,NA,"		$4.99/7oz($11.34/lb)",4.99,7oz(,11.34/lb),,
76,"FreshDirect Dry Roasted, Unsalted Almonds Snack Packs","FreshDirect Dry Roasted, Unsalted Almonds Snack Packs",gro_dfnt,pantry,"10 pack, 2 oz ea (20 oz)","		$12.99/10pk($10.39/lb)",12.99,10pk(,10.39/lb),,
77,FreshDirect Organic Raw Almonds,FreshDirect Organic Raw Almonds,gro_dfnt,pantry,NA,"		$7.49/7oz($17.02/lb)",7.49,7oz(,17.02/lb),,
78,"FreshDirect Roasted Salted Almonds, Container","FreshDirect Roasted Salted Almonds, Container",gro_dfnt,pantry,NA,"		$5.29/7oz($12.02/lb)",5.29,7oz(,12.02/lb),,
79,"FreshDirect Roasted Salted Almonds, Resealable Bag","FreshDirect Roasted Salted Almonds, Resealable Bag",gro_dfnt,pantry,NA,"		$8.49/16oz($8.49/lb)",8.49,16oz(,8.49/lb),,
80,"FreshDirect Roasted Unsalted Almonds, Family-Size Tub","FreshDirect Roasted Unsalted Almonds, Family-Size Tub",gro_dfnt,pantry,NA,"		$19.99/32oz($10.00/lb)",19.99,32oz(,10.00/lb),,
81,"FreshDirect Blanched Almond Slivers, Resealable Bag","FreshDirect Blanched Almond Slivers, Resealable Bag",gro_dfnt,pantry,NA,"		$9.99/14oz($11.35/lb)",9.99,14oz(,11.35/lb),,
82,"FreshDirect Dry-Roasted Unsalted Almonds, Container","FreshDirect Dry-Roasted Unsalted Almonds, Container",gro_dfnt,pantry,NA,"		$5.29/7oz($12.02/lb)",5.29,7oz(,12.02/lb),,
83,"FreshDirect Raw Almonds, 5lb Bag","FreshDirect Raw Almonds, 5lb Bag",gro_dfnt,pantry,5lb,"		$38.99/ea($7.80/lb)",38.99,ea(,7.80/lb),,
84,"FreshDirect Roasted Salted Almonds, Family-Size Tub","FreshDirect Roasted Salted Almonds, Family-Size Tub",gro_dfnt,pantry,NA,"		$19.99/32oz($10.00/lb)",19.99,32oz(,10.00/lb),,
85,"FreshDirect Roasted Unsalted Almonds, Container","FreshDirect Roasted Unsalted Almonds, Container",gro_dfnt,pantry,NA,"		$5.99/7oz($13.61/lb)",5.99,7oz(,13.61/lb),,
86,"FreshDirect Roasted, Salted Almonds Snack Packs","FreshDirect Roasted, Salted Almonds Snack Packs",gro_dfnt,pantry,"10 pack, 2 oz ea (20 oz)","		$14.99/10pk($11.99/lb)",14.99,10pk(,11.99/lb),,
87,"FreshDirect Smoked, Salted Almonds","FreshDirect Smoked, Salted Almonds",gro_dfnt,pantry,NA,"		$10.99/16oz($10.99/lb)",10.99,16oz(,10.99/lb),,
88,"Wonderful Almonds, Natural Raw","Wonderful Almonds, Natural Raw",gro_dfnt,pantry,7oz,"		$5.49/ea($12.48/lb)",5.49,ea(,12.48/lb),,
89,Blue Diamond Whole Natural Almonds,Blue Diamond Whole Natural Almonds,gro_dfnt,pantry,16oz,"		$8.99/ea($8.99/lb)",8.99,ea(,8.99/lb),,
90,"FreshDirect Roasted Unsalted Almonds, 5lb Bag","FreshDirect Roasted Unsalted Almonds, 5lb Bag",gro_dfnt,pantry,NA,"		$44.99/ea($9.00/lb)",44.99,ea(,9.00/lb),,
91,Just FreshDirect Coconut Toasted Almonds,Just FreshDirect Coconut Toasted Almonds,gro_dfnt,pantry,7oz,"		$6.49/ea",6.49,ea,,,
92,Just FreshDirect Salted Marcona Almonds,Just FreshDirect Salted Marcona Almonds,gro_dfnt,pantry,6oz,"		$11.99/ea",11.99,ea,,,
93,Just FreshDirect Sesame Toasted Almonds,Just FreshDirect Sesame Toasted Almonds,gro_dfnt,pantry,7oz,"		$9.99/ea",9.99,ea,,,
94,"Wonderful Almonds, Natural Raw","Wonderful Almonds, Natural Raw",gro_dfnt,pantry,"12pk, 1.5oz ea","		$17.99/ea($19.14/lb)",17.99,ea(,19.14/lb),,
95,"Wonderful Almonds, Roasted & Salted","Wonderful Almonds, Roasted & Salted",gro_dfnt,pantry,"12pk, 1.5oz ea","		$17.99/ea($19.14/lb)",17.99,ea(,19.14/lb),,
96,"Wonderful Almonds, Roasted & Salted","Wonderful Almonds, Roasted & Salted",gro_dfnt,pantry,7oz,"		$5.49/ea($12.48/lb)",5.49,ea(,12.48/lb),,
97,"FreshDirect Dry-Roasted Unsalted Almonds, Resealable Bag","FreshDirect Dry-Roasted Unsalted Almonds, Resealable Bag",gro_dfnt,pantry,NA,"		$0.00/null($0.00/lb)",0,null(,0.00/lb),,
98,"FreshDirect Raw Walnut Halves & Pieces, Resealable Bag","FreshDirect Raw Walnut Halves & Pieces, Resealable Bag",gro_dfnt,pantry,NA,"		$12.99/14oz($14.76/lb)",12.99,14oz(,14.76/lb),,
99,"FreshDirect Raw Walnut Halves & Pieces, Container","FreshDirect Raw Walnut Halves & Pieces, Container",gro_dfnt,pantry,NA,"		$5.49/5oz($17.71/lb)",5.49,5oz(,17.71/lb),,
100,FreshDirect Organic Walnut Halves & Pieces,FreshDirect Organic Walnut Halves & Pieces,gro_dfnt,pantry,NA,"		$5.99/5oz($19.32/lb)",5.99,5oz(,19.32/lb),,
101,FreshDirect Raw Walnuts Snack Packs,FreshDirect Raw Walnuts Snack Packs,gro_dfnt,pantry,"10 pack, 1.25oz ea (12.5oz)","		$10.99/10pk($14.09/lb)",10.99,10pk(,14.09/lb),,
102,"FreshDirect Raw Walnut Halves & Pieces, Family-Size Tub","FreshDirect Raw Walnut Halves & Pieces, Family-Size Tub",gro_dfnt,pantry,NA,"		$21.99/26oz($13.49/lb)",21.99,26oz(,13.49/lb),,
103,Red Walnuts,Red Walnuts,gro_dfnt,pantry,7oz,"		$7.99/ea",7.99,ea,,,
104,Diamond of California Chopped Walnuts,Diamond of California Chopped Walnuts,gro_dfnt,pantry,8oz,"		$7.99/ea($15.98/lb)",7.99,ea(,15.98/lb),,
105,Diamond of California Shelled Walnuts,Diamond of California Shelled Walnuts,gro_dfnt,pantry,16oz,"		$14.99/ea($14.99/lb)",14.99,ea(,14.99/lb),,
106,"FreshDirect Raw Walnut Halves & Pieces, 5lb Bag","FreshDirect Raw Walnut Halves & Pieces, 5lb Bag",gro_dfnt,pantry,NA,"		$49.99/ea($10.00/lb)",49.99,ea(,10.00/lb),,
107,"FreshDirect Roasted Unsalted Cashews, Resealable Bag","FreshDirect Roasted Unsalted Cashews, Resealable Bag",gro_dfnt,pantry,NA,"		$9.99/16oz($9.99/lb)",9.99,16oz(,9.99/lb),,
108,"FreshDirect Roasted Salted Cashews, Resealable Bag","FreshDirect Roasted Salted Cashews, Resealable Bag",gro_dfnt,pantry,NA,"		$9.99/16oz($9.99/lb)",9.99,16oz(,9.99/lb),,
109,FreshDirect Organic Raw Cashews,FreshDirect Organic Raw Cashews,gro_dfnt,pantry,NA,"		$6.49/7oz($14.75/lb)",6.49,7oz(,14.75/lb),,
110,FreshDirect Raw Cashews Snack Packs,FreshDirect Raw Cashews Snack Packs,gro_dfnt,pantry,"10 pack, 1.5 oz ea (15 oz)","		$10.99/10pk($11.69/lb)",10.99,10pk(,11.69/lb),,
111,"FreshDirect Raw Cashews, Container","FreshDirect Raw Cashews, Container",gro_dfnt,pantry,7oz,"		$5.49/7oz($12.48/lb)",5.49,7oz(,12.48/lb),,
112,"FreshDirect Raw Cashews, Resealable Bag","FreshDirect Raw Cashews, Resealable Bag",gro_dfnt,pantry,16oz,"		$8.99/16oz($8.99/lb)",8.99,16oz(,8.99/lb),,
113,"FreshDirect Roasted Salted Cashews, Family-Size Tub","FreshDirect Roasted Salted Cashews, Family-Size Tub",gro_dfnt,pantry,NA,"		$19.99/28oz($11.42/lb)",19.99,28oz(,11.42/lb),,
114,"FreshDirect Roasted, Salted Cashews Snack Packs","FreshDirect Roasted, Salted Cashews Snack Packs",gro_dfnt,pantry,"10 pack, 1.5 oz ea (15 oz)","		$10.99/10pk($11.69/lb)",10.99,10pk(,11.69/lb),,
115,"FreshDirect Roasted Salted Cashews, Container","FreshDirect Roasted Salted Cashews, Container",gro_dfnt,pantry,NA,"		$5.49/7oz($12.48/lb)",5.49,7oz(,12.48/lb),,
116,Planters Deluxe Whole Cashews,Planters Deluxe Whole Cashews,gro_dfnt,pantry,8.5oz can,"		$8.59/ea($16.21/lb)",8.59,ea(,16.21/lb),,
117,Planters Lightly Salted Cashew Halves,Planters Lightly Salted Cashew Halves,gro_dfnt,pantry,8oz can,"		$5.99/ea($11.98/lb)",5.99,ea(,11.98/lb),,
118,"FreshDirect Raw Cashews, 5lb Bag","FreshDirect Raw Cashews, 5lb Bag",gro_dfnt,pantry,5lb,"		$43.99/ea($8.80/lb)",43.99,ea(,8.80/lb),,
119,"FreshDirect Roasted, Salted Cashews, 5lb Bag","FreshDirect Roasted, Salted Cashews, 5lb Bag",gro_dfnt,pantry,NA,"		$44.99/ea($9.00/lb)",44.99,ea(,9.00/lb),,
120,Planters Cashew Halves,Planters Cashew Halves,gro_dfnt,pantry,8oz can,"		$5.99/ea($11.98/lb)",5.99,ea(,11.98/lb),,
121,"FreshDirect Roasted Salted Peanuts, Resealable Bag","FreshDirect Roasted Salted Peanuts, Resealable Bag",gro_dfnt,pantry,NA,"		$4.99/16oz($4.99/lb)",4.99,16oz(,4.99/lb),,
122,"FreshDirect Roasted Unsalted Peanuts, Resealable Bag","FreshDirect Roasted Unsalted Peanuts, Resealable Bag",gro_dfnt,pantry,NA,"		$4.99/16oz($4.99/lb)",4.99,16oz(,4.99/lb),,
123,Planters Dry Roasted Peanuts,Planters Dry Roasted Peanuts,gro_dfnt,pantry,16oz jar,"		$4.99/ea($4.99/lb)",4.99,ea(,4.99/lb),,
124,Planters Cocktail Peanuts,Planters Cocktail Peanuts,gro_dfnt,pantry,16oz can,"		$4.79/ea($4.79/lb)",4.79,ea(,4.79/lb),,
125,Planters Dry Roasted Unsalted Peanuts,Planters Dry Roasted Unsalted Peanuts,gro_dfnt,pantry,16oz jar,"		$4.79/ea($4.79/lb)",4.79,ea(,4.79/lb),,
126,Just FreshDirect Thai Peanuts,Just FreshDirect Thai Peanuts,gro_dfnt,pantry,7oz,"		$4.99/ea($11.34/lb)",4.99,ea(,11.34/lb),,
127,"Planters Honey Roasted Peanuts, Dry Roasted","Planters Honey Roasted Peanuts, Dry Roasted",gro_dfnt,pantry,16oz,"		$5.99/ea($5.99/lb)",5.99,ea(,5.99/lb),,
128,"FreshDirect Salted Pistachios, Resealable Bag","FreshDirect Salted Pistachios, Resealable Bag",gro_dfnt,pantry,NA,"		$9.99/10oz($15.86/lb)",9.99,10oz(,15.86/lb),,
129,"FreshDirect Dry Roasted, Salted Pistachios Snack Packs","FreshDirect Dry Roasted, Salted Pistachios Snack Packs",gro_dfnt,pantry,"10 pack, 2 oz ea (20 oz)","		$19.99/10pk($15.99/lb)",19.99,10pk(,15.99/lb),,
130,"FreshDirect Unsalted Pistachios, Resealable Bag","FreshDirect Unsalted Pistachios, Resealable Bag",gro_dfnt,pantry,NA,"		$9.99/10oz($15.86/lb)",9.99,10oz(,15.86/lb),,
131,"Wonderful Pistachios, Lightly Salted","Wonderful Pistachios, Lightly Salted",gro_dfnt,pantry,7oz,"		$6.99/ea($15.89/lb)",6.99,ea(,15.89/lb),,
132,"Wonderful Pistachios, Salt & Pepper","Wonderful Pistachios, Salt & Pepper",gro_dfnt,pantry,7oz,"		$6.99/ea($15.89/lb)",6.99,ea(,15.89/lb),,
133,"FreshDirect Dry-Roasted Salted Pistachios, 4lb Bag","FreshDirect Dry-Roasted Salted Pistachios, 4lb Bag",gro_dfnt,pantry,NA,"		$49.99/ea($12.50/lb)",49.99,ea(,12.50/lb),,
134,Just FreshDirect Turkish Pistachios,Just FreshDirect Turkish Pistachios,gro_dfnt,pantry,7oz,"		$8.99/ea",8.99,ea,,,
135,"Wonderful Pistachios, Roasted & Salted","Wonderful Pistachios, Roasted & Salted",gro_dfnt,pantry,8oz,"		$6.99/ea($13.98/lb)",6.99,ea(,13.98/lb),,
136,"Wonderful Pistachios, Sweet Chili","Wonderful Pistachios, Sweet Chili",gro_dfnt,pantry,"12pk, 1.25oz ea","		$17.99/ea($19.14/lb)",17.99,ea(,19.14/lb),,
137,"Wonderful Pistachios, Sweet Chili","Wonderful Pistachios, Sweet Chili",gro_dfnt,pantry,7oz,"		$6.99/ea($15.89/lb)",6.99,ea(,15.89/lb),,
138,FreshDirect Pecans,FreshDirect Pecans,gro_dfnt,pantry,NA,"		$6.49/6oz($17.08/lb)",6.49,6oz(,17.08/lb),,
139,FreshDirect Pine Nuts,FreshDirect Pine Nuts,gro_dfnt,pantry,(4oz),"		$9.99/4oz($39.96/lb)",9.99,4oz(,39.96/lb),,
140,"FreshDirect Asian Rice Cracker Snack Mix, Resealable Bag","FreshDirect Asian Rice Cracker Snack Mix, Resealable Bag",gro_dfnt,pantry,NA,"		$3.99/10oz($6.33/lb)",3.99,10oz(,6.33/lb),,
141,"FreshDirect Cranberry & Nut Snack Mix, Resealable Bag","FreshDirect Cranberry & Nut Snack Mix, Resealable Bag",gro_dfnt,pantry,NA,"		$6.59/16oz($6.59/lb)",6.59,16oz(,6.59/lb),,
142,"FreshDirect Rainbow Delight Snack Mix, Resealable Bag","FreshDirect Rainbow Delight Snack Mix, Resealable Bag",gro_dfnt,pantry,NA,"		$6.99/16oz($6.99/lb)",6.99,16oz(,6.99/lb),,
143,Planters Mixed Nuts,Planters Mixed Nuts,gro_dfnt,pantry,10.3oz can,"		$5.99/ea($9.36/lb)",5.99,ea(,9.36/lb),,
144,FreshDirect Brazil Nuts,FreshDirect Brazil Nuts,gro_dfnt,pantry,NA,"		$10.99/16oz($10.99/lb)",10.99,16oz(,10.99/lb),,
145,"FreshDirect Deluxe Trail Snack Mix, Resealable Bag","FreshDirect Deluxe Trail Snack Mix, Resealable Bag",gro_dfnt,pantry,NA,"		$7.99/16oz($7.99/lb)",7.99,16oz(,7.99/lb),,
146,FreshDirect Hazelnuts,FreshDirect Hazelnuts,gro_dfnt,pantry,NA,"		$5.59/7oz($12.70/lb)",5.59,7oz(,12.70/lb),,
147,"FreshDirect Roasted Salted Mixed Nuts, Resealable Bag","FreshDirect Roasted Salted Mixed Nuts, Resealable Bag",gro_dfnt,pantry,NA,"		$6.99/7oz($15.89/lb)",6.99,7oz(,15.89/lb),,
148,Gefen Roasted and Peeled Whole Chestnuts,Gefen Roasted and Peeled Whole Chestnuts,gro_dfnt,pantry,5.2oz," 	$1.95/ea $2.79Save 30%($5.91/lb)",1.95,ea ,2.79Save 30%(5.91/lb),5.91/lb),
149,Seapoint Farms Dry Roasted Lightly Salted Edamame,Seapoint Farms Dry Roasted Lightly Salted Edamame,gro_dfnt,pantry,4oz,"		$1.59/ea($6.36/lb)",1.59,ea(,6.36/lb),,
150,Season Brand Organic Roasted & Shelled Whole Chestnuts,Season Brand Organic Roasted & Shelled Whole Chestnuts,gro_dfnt,pantry,5oz," 	$1.81/ea $2.59Save 30%($5.84/lb)",1.81,ea ,2.59Save 30%(5.84/lb),5.84/lb),
151,Diamond of California Chopped Pecans,Diamond of California Chopped Pecans,gro_dfnt,pantry,8oz,"		$9.99/ea($19.98/lb)",9.99,ea(,19.98/lb),,
152,Just FreshDirect Almond & Raisin Yogurt Mix,Just FreshDirect Almond & Raisin Yogurt Mix,gro_dfnt,pantry,7oz,"		$5.99/ea($13.61/lb)",5.99,ea(,13.61/lb),,
153,Just FreshDirect Antioxidant Mix,Just FreshDirect Antioxidant Mix,gro_dfnt,pantry,7oz,"		$4.99/ea($11.34/lb)",4.99,ea(,11.34/lb),,
154,"Just FreshDirect Apple, Cranberry & Raisin Mix","Just FreshDirect Apple, Cranberry & Raisin Mix",gro_dfnt,pantry,7oz,"		$3.49/ea",3.49,ea,,,
155,Just FreshDirect Cranberry Nut Mix,Just FreshDirect Cranberry Nut Mix,gro_dfnt,pantry,7oz,"		$4.49/ea($10.20/lb)",4.49,ea(,10.20/lb),,
156,Just FreshDirect Goji-Berry & Nut Mix,Just FreshDirect Goji-Berry & Nut Mix,gro_dfnt,pantry,7oz,"		$5.49/ea($12.48/lb)",5.49,ea(,12.48/lb),,
157,Just FreshDirect Hazelnut & Raisin Mix,Just FreshDirect Hazelnut & Raisin Mix,gro_dfnt,pantry,7oz,"		$4.49/ea($10.20/lb)",4.49,ea(,10.20/lb),,
158,Just FreshDirect Omega-3 Mix,Just FreshDirect Omega-3 Mix,gro_dfnt,pantry,7oz,"		$5.99/ea($13.61/lb)",5.99,ea(,13.61/lb),,
159,"Just FreshDirect Pineapple, Papaya & Almond Mix","Just FreshDirect Pineapple, Papaya & Almond Mix",gro_dfnt,pantry,7oz,"		$4.49/ea($10.20/lb)",4.49,ea(,10.20/lb),,
160,Just FreshDirect Raw Nut Mix,Just FreshDirect Raw Nut Mix,gro_dfnt,pantry,6oz,"		$8.49/ea($22.34/lb)",8.49,ea(,22.34/lb),,
161,Just FreshDirect Roasted Almond Power Mix,Just FreshDirect Roasted Almond Power Mix,gro_dfnt,pantry,7oz,"		$5.49/ea($12.48/lb)",5.49,ea(,12.48/lb),,
162,Just FreshDirect Tropical Mix,Just FreshDirect Tropical Mix,gro_dfnt,pantry,6.5oz,"		$4.49/ea($10.95/lb)",4.49,ea(,10.95/lb),,
163,Planters Nut-rition Heart Healthy Mix,Planters Nut-rition Heart Healthy Mix,gro_dfnt,pantry,9.75oz,"		$9.99/ea($16.39/lb)",9.99,ea(,16.39/lb),,
164,"FreshDirect Shelled Pepitas, Resealable Bag","FreshDirect Shelled Pepitas, Resealable Bag",gro_dfnt,pantry,NA,"		$7.59/16oz($7.59/lb)",7.59,16oz(,7.59/lb),,
165,"FreshDirect Shelled Raw Sunflower Seeds, Unsalted, Resealable Bag","FreshDirect Shelled Raw Sunflower Seeds, Unsalted, Resealable Bag",gro_dfnt,pantry,NA,"		$4.59/16oz($4.59/lb)",4.59,16oz(,4.59/lb),,
166,Spectrum Chia Seed with Omega-3 & Fiber,Spectrum Chia Seed with Omega-3 & Fiber,gro_dfnt,pantry,12oz,"		$7.49/ea($9.99/lb)",7.49,ea(,9.99/lb),,
167,"FreshDirect Shelled Roasted Sunflower Seeds, Salted, Resealable Bag","FreshDirect Shelled Roasted Sunflower Seeds, Salted, Resealable Bag",gro_dfnt,pantry,NA,"		$4.49/16oz($4.49/lb)",4.49,16oz(,4.49/lb),,
168,"Health Warrior Chia Seeds, Black","Health Warrior Chia Seeds, Black",gro_dfnt,pantry,16oz,"		$14.99/ea($14.99/lb)",14.99,ea(,14.99/lb),,
169,"Health Warrior Chia Seeds, White","Health Warrior Chia Seeds, White",gro_dfnt,pantry,16oz,"		$14.99/ea($14.99/lb)",14.99,ea(,14.99/lb),,
170,Spectrum Ground Chia Seed with Omega-3 & Fiber,Spectrum Ground Chia Seed with Omega-3 & Fiber,gro_dfnt,pantry,10oz,"		$7.49/ea($11.89/lb)",7.49,ea(,11.89/lb),,
171,Spectrum Organic Ground Premium Flaxseed with Omega-3 & Lignans,Spectrum Organic Ground Premium Flaxseed with Omega-3 & Lignans,gro_dfnt,pantry,14oz,"		$5.99/ea($6.81/lb)",5.99,ea(,6.81/lb),,
172,Spectrum Organic Dry Roasted Premium Flaxseed with Omega-3 & Lignans,Spectrum Organic Dry Roasted Premium Flaxseed with Omega-3 & Lignans,gro_dfnt,pantry,12oz,"		$6.99/ea($9.32/lb)",6.99,ea(,9.32/lb),,
173,Spectrum Premium Ground Flaxseed with Mixed Berries & Omega-3,Spectrum Premium Ground Flaxseed with Mixed Berries & Omega-3,gro_dfnt,pantry,12oz,"		$6.99/ea($9.32/lb)",6.99,ea(,9.32/lb),,
174,Spectrum Organic Whole Premium Flaxseed with Omega-3 & Lignans,Spectrum Organic Whole Premium Flaxseed with Omega-3 & Lignans,gro_dfnt,pantry,15oz,"		$0.00/null($0.00/lb)",0,null(,0.00/lb),,
175,Sun-Maid Raisins Snack Size,Sun-Maid Raisins Snack Size,gro_dfnt,pantry,6pk (9oz),"		$2.39/ea",2.39,ea,,,
176,"FreshDirect Dried Cranberries, Container","FreshDirect Dried Cranberries, Container",gro_dfnt,pantry,NA,"		$2.99/6oz($7.87/lb)",2.99,6oz(,7.87/lb),,
177,Sun-Maid Raisins,Sun-Maid Raisins,gro_dfnt,pantry,20oz,"		$4.49/ea($3.59/lb)",4.49,ea(,3.59/lb),,
178,"FreshDirect Dried Cranberries, Resealable Bag","FreshDirect Dried Cranberries, Resealable Bag",gro_dfnt,pantry,NA,"		$5.49/16oz($5.49/lb)",5.49,16oz(,5.49/lb),,
179,"FreshDirect Dried Turkish Apricots, Container","FreshDirect Dried Turkish Apricots, Container",gro_dfnt,pantry,NA,"		$5.49/7oz($12.48/lb)",5.49,7oz(,12.48/lb),,
180,FreshDirect Medjool Dates,FreshDirect Medjool Dates,gro_dfnt,pantry,NA,"		$5.29/8oz($10.58/lb)",5.29,8oz(,10.58/lb),,
181,"FreshDirect Pitted Prunes, Resealable Bag","FreshDirect Pitted Prunes, Resealable Bag",gro_dfnt,pantry,NA,"		$4.49/12oz($5.99/lb)",4.49,12oz(,5.99/lb),,
182,"FreshDirect Dried Banana Chips, Resealable Bag","FreshDirect Dried Banana Chips, Resealable Bag",gro_dfnt,pantry,NA,"		$2.99/8oz($5.98/lb)",2.99,8oz(,5.98/lb),,
183,FreshDirect Dried Cherries,FreshDirect Dried Cherries,gro_dfnt,pantry,NA,"		$7.99/6oz($21.03/lb)",7.99,6oz(,21.03/lb),,
184,"FreshDirect Dried Cranberries, Family-Size Tub","FreshDirect Dried Cranberries, Family-Size Tub",gro_dfnt,pantry,NA,"		$8.99/28oz($5.14/lb)",8.99,28oz(,5.14/lb),,
185,"FreshDirect Dried Mangoes, Resealable Bag","FreshDirect Dried Mangoes, Resealable Bag",gro_dfnt,pantry,NA,"		$5.29/12oz($7.05/lb)",5.29,12oz(,7.05/lb),,
186,"FreshDirect Dried Turkish Apricots, Resealable Bag","FreshDirect Dried Turkish Apricots, Resealable Bag",gro_dfnt,pantry,(12oz),"		$9.99/12oz($13.32/lb)",9.99,12oz(,13.32/lb),,
187,"FreshDirect Golden Raisins, Resealable Bag","FreshDirect Golden Raisins, Resealable Bag",gro_dfnt,pantry,NA,"		$4.99/16oz($4.99/lb)",4.99,16oz(,4.99/lb),,
188,FreshDirect Organic Thompson Select Raisins,FreshDirect Organic Thompson Select Raisins,gro_dfnt,pantry,NA,"		$3.19/8oz($6.38/lb)",3.19,8oz(,6.38/lb),,
189,"FreshDirect Thompson Select Raisins, Resealable Bag","FreshDirect Thompson Select Raisins, Resealable Bag",gro_dfnt,pantry,NA,"		$3.99/16oz($3.99/lb)",3.99,16oz(,3.99/lb),,
190,"FreshDirect Dried Coconut Chips, Resealable Bag","FreshDirect Dried Coconut Chips, Resealable Bag",gro_dfnt,pantry,NA,"		$3.29/6oz($8.66/lb)",3.29,6oz(,8.66/lb),,
191,FreshDirect Dried Cranberries Snack Packs,FreshDirect Dried Cranberries Snack Packs,gro_dfnt,pantry,"10 pack, 2 oz ea (20 oz)","		$7.99/10pk($6.39/lb)",7.99,10pk(,6.39/lb),,
192,FreshDirect Dried Organic Cranberries,FreshDirect Dried Organic Cranberries,gro_dfnt,pantry,NA,"		$5.29/6oz($13.92/lb)",5.29,6oz(,13.92/lb),,
193,FreshDirect Dried Peaches,FreshDirect Dried Peaches,gro_dfnt,pantry,NA,"		$5.99/10oz($9.51/lb)",5.99,10oz(,9.51/lb),,
194,"FreshDirect Dried Pineapple Chunks, Resealable Bag","FreshDirect Dried Pineapple Chunks, Resealable Bag",gro_dfnt,pantry,NA,"		$4.69/14oz($5.33/lb)",4.69,14oz(,5.33/lb),,
195,FreshDirect Dried Tart Apricots,FreshDirect Dried Tart Apricots,gro_dfnt,pantry,(6oz),"		$5.99/6oz($15.76/lb)",5.99,6oz(,15.76/lb),,
196,FreshDirect Dried Turkish Apricots Snack Packs,FreshDirect Dried Turkish Apricots Snack Packs,gro_dfnt,pantry,"10 pack, 2.5 oz ea (25 oz)","		$17.99/10pk($11.53/lb)",17.99,10pk(,11.53/lb),,
197,"FreshDirect Jumbo Flame Raisins, Resealable Bag","FreshDirect Jumbo Flame Raisins, Resealable Bag",gro_dfnt,pantry,NA,"		$4.49/16oz($4.49/lb)",4.49,16oz(,4.49/lb),,
198,FreshDirect Mixed Dried Fruit,FreshDirect Mixed Dried Fruit,gro_dfnt,pantry,NA,"		$7.99/12oz($10.65/lb)",7.99,12oz(,10.65/lb),,
199,"FreshDirect Thompson Select Raisins, Container","FreshDirect Thompson Select Raisins, Container",gro_dfnt,pantry,NA,"		$2.99/7oz($6.80/lb)",2.99,7oz(,6.80/lb),,
200,Nature's All Foods Freeze-Dried Organic Strawberries,Nature's All Foods Freeze-Dried Organic Strawberries,gro_dfnt,pantry,1.2oz,"		$5.99/ea($74.88/lb)",5.99,ea(,74.88/lb),,
201,Sun-Maid Raisins,Sun-Maid Raisins,gro_dfnt,pantry,12oz box,"		$3.19/ea($4.25/lb)",3.19,ea(,4.25/lb),,
202,FreshDirect Dried Blueberries,FreshDirect Dried Blueberries,gro_dfnt,pantry,NA,"		$8.29/6oz($21.82/lb)",8.29,6oz(,21.82/lb),,
203,"FreshDirect Dried Organic Turkish Apricots, Container","FreshDirect Dried Organic Turkish Apricots, Container",gro_dfnt,pantry,NA,"		$8.99/7oz($20.43/lb)",8.99,7oz(,20.43/lb),,
204,"FreshDirect Dried Organic Turkish Apricots, Resealable Bag","FreshDirect Dried Organic Turkish Apricots, Resealable Bag",gro_dfnt,pantry,NA,"		$12.99/12oz($17.32/lb)",12.99,12oz(,17.32/lb),,
205,"FreshDirect Dried Papayas, Resealable Bag","FreshDirect Dried Papayas, Resealable Bag",gro_dfnt,pantry,NA,"		$4.99/16oz($4.99/lb)",4.99,16oz(,4.99/lb),,
206,FreshDirect Dried Pears,FreshDirect Dried Pears,gro_dfnt,pantry,NA,"		$6.99/10oz($11.10/lb)",6.99,10oz(,11.10/lb),,
207,"FreshDirect Dried Pineapple Rings, Resealable Bag","FreshDirect Dried Pineapple Rings, Resealable Bag",gro_dfnt,pantry,NA,"		$5.29/16oz($5.29/lb)",5.29,16oz(,5.29/lb),,
208,Just FreshDirect Diced Dried Apricots,Just FreshDirect Diced Dried Apricots,gro_dfnt,pantry,8oz,"		$4.99/ea($9.98/lb)",4.99,ea(,9.98/lb),,
209,Just FreshDirect Dried Mangoes,Just FreshDirect Dried Mangoes,gro_dfnt,pantry,4oz,"		$6.49/ea($25.96/lb)",6.49,ea(,25.96/lb),,
210,Just FreshDirect Dried Pineapple,Just FreshDirect Dried Pineapple,gro_dfnt,pantry,3.5oz,"		$5.49/ea($24.95/lb)",5.49,ea(,24.95/lb),,
211,Just FreshDirect Dried Pomegranate Arils,Just FreshDirect Dried Pomegranate Arils,gro_dfnt,pantry,8oz,"		$13.99/ea($27.98/lb)",13.99,ea(,27.98/lb),,
212,Just FreshDirect Sweetened Dried Strawberries,Just FreshDirect Sweetened Dried Strawberries,gro_dfnt,pantry,8oz,"		$10.99/ea",10.99,ea,,,
213,"Ocean Spray Craisins Dried Cranberries, Original","Ocean Spray Craisins Dried Cranberries, Original",gro_dfnt,pantry,10oz,"		$5.49/ea($8.78/lb)",5.49,ea(,8.78/lb),,
214,Ocean Spray Reduced Sugar Craisins Dried Cranberries,Ocean Spray Reduced Sugar Craisins Dried Cranberries,gro_dfnt,pantry,5oz,"		$2.99/ea($9.57/lb)",2.99,ea(,9.57/lb),,
215,Sun-Maid California Golden Raisins,Sun-Maid California Golden Raisins,gro_dfnt,pantry,15oz,"		$4.49/ea($4.79/lb)",4.49,ea(,4.79/lb),,
216,Sunshine Snacks Sundried Figs,Sunshine Snacks Sundried Figs,gro_dfnt,pantry,8oz,"		$1.99/ea",1.99,ea,,,
217,Sunsweet Pitted Prunes,Sunsweet Pitted Prunes,gro_dfnt,pantry,18oz,"		$7.99/ea($7.10/lb)",7.99,ea(,7.10/lb),,
218,Sunsweet Pitted Prunes,Sunsweet Pitted Prunes,gro_dfnt,pantry,9oz,"		$3.99/ea($7.09/lb)",3.99,ea(,7.09/lb),,
219,"Sunsweet Pitted Prunes, Bite Size","Sunsweet Pitted Prunes, Bite Size",gro_dfnt,pantry,18oz,"		$7.99/ea($7.10/lb)",7.99,ea(,7.10/lb),,
220,"FreshDirect Dried Apples, Resealable Bag","FreshDirect Dried Apples, Resealable Bag",gro_dfnt,pantry,NA,"		$0.00/null($0.00/lb)",0,null(,0.00/lb),,
221,Ocean Spray Craisins Original Dried Cranberries,Ocean Spray Craisins Original Dried Cranberries,gro_dfnt,pantry,6ct,"		$0.00/null($0.00/ct)",0,null(,0.00/ct),,
222,FreshDirect Midtown Mix Snack Packs,FreshDirect Midtown Mix Snack Packs,gro_dfnt,pantry,"10 pack, 2 oz ea (20 oz)","		$11.99/10pk($9.59/lb)",11.99,10pk(,9.59/lb),,
229,FreshDirect The Queens Combo Mix Snack Packs,FreshDirect The Queens Combo Mix Snack Packs,gro_dfnt,pantry,"10 pack, 2 oz ea (20 oz)","		$15.99/10pk($12.79/lb)",15.99,10pk(,12.79/lb),,
233,"FreshDirect Roasted, Salted Mixed Nuts Snack Packs","FreshDirect Roasted, Salted Mixed Nuts Snack Packs",gro_dfnt,pantry,"10 pack, 2 oz ea (20 oz)","		$16.99/10pk($13.59/lb)",16.99,10pk(,13.59/lb),,
234,FreshDirect Sunnyside Mix Snack Packs,FreshDirect Sunnyside Mix Snack Packs,gro_dfnt,pantry,"10ct, 2oz ea","		$10.99/ea($8.79/lb)",10.99,ea(,8.79/lb),,
238,"FreshDirect Roasted Salted Mixed Nuts, Family-Size Tub","FreshDirect Roasted Salted Mixed Nuts, Family-Size Tub",gro_dfnt,pantry,NA,"		$22.99/28oz($13.14/lb)",22.99,28oz(,13.14/lb),,
240,"FreshDirect Sunnyside Mix, Family-Size Tub","FreshDirect Sunnyside Mix, Family-Size Tub",gro_dfnt,pantry,NA,"		$14.99/26oz($9.20/lb)",14.99,26oz(,9.20/lb),,
241,"FreshDirect Queens Combo Mix, Family-Size Tub","FreshDirect Queens Combo Mix, Family-Size Tub",gro_dfnt,pantry,NA,"		$13.99/26oz($8.58/lb)",13.99,26oz(,8.58/lb),,
243,"FreshDirect Raw Cashews, Family-Size Tub","FreshDirect Raw Cashews, Family-Size Tub",gro_dfnt,pantry,NA,"		$19.99/28oz($11.42/lb)",19.99,28oz(,11.42/lb),,
247,"FreshDirect Midtown Mix, 5lb Bag","FreshDirect Midtown Mix, 5lb Bag",gro_dfnt,pantry,NA,"		$39.99/ea($8.00/lb)",39.99,ea(,8.00/lb),,
248,"FreshDirect Queens Combo Mix, 5lb Bag","FreshDirect Queens Combo Mix, 5lb Bag",gro_dfnt,pantry,NA,"		$46.99/ea($9.40/lb)",46.99,ea(,9.40/lb),,
251,"FreshDirect Roasted Salted Mixed Nuts, 5lb Bag","FreshDirect Roasted Salted Mixed Nuts, 5lb Bag",gro_dfnt,pantry,NA,"		$54.99/ea($11.00/lb)",54.99,ea(,11.00/lb),,
254,"FreshDirect Sunnyside Mix, 5lb Bag","FreshDirect Sunnyside Mix, 5lb Bag",gro_dfnt,pantry,NA,"		$38.99/ea($7.80/lb)",38.99,ea(,7.80/lb),,
255,"FreshDirect Dark Chocolate Covered Almonds, Resealable Bag","FreshDirect Dark Chocolate Covered Almonds, Resealable Bag",gro_dfnt,pantry,NA,"		$10.99/16oz($10.99/lb)",10.99,16oz(,10.99/lb),,
256,"FreshDirect Crystallized Ginger, Resealable Bag","FreshDirect Crystallized Ginger, Resealable Bag",gro_dfnt,pantry,NA,"		$4.99/12oz($6.65/lb)",4.99,12oz(,6.65/lb),,
257,Samaki Double Cured and Naturally Cold Smoked Irish Organic Smoked Salmon,Samaki Double Cured and Naturally Cold Smoked Irish Organic Smoked Salmon,scf,deli,4oz,"		$9.99/ea",9.99,ea,,,
258,"Just Bagels Plain, Frozen","Just Bagels Plain, Frozen",scf,deli,6pk,"		$2.59/ea($1.73/lb)",2.59,ea(,1.73/lb),,
259,"Samaki Eastern Nova Smoked Salmon, Sliced to Order","Samaki Eastern Nova Smoked Salmon, Sliced to Order",scf,deli,6pk,"		$30.99/lb",30.99,lb,,,
261,Blue Hill Bay Smoked Wild Alaskan Sockeye Salmon,Blue Hill Bay Smoked Wild Alaskan Sockeye Salmon,scf,deli,3oz,"		$7.99/ea",7.99,ea,,,
262,"Samaki Irish Organic Smoked Salmon, Whole Side, Sliced to Order","Samaki Irish Organic Smoked Salmon, Whole Side, Sliced to Order",scf,deli,6pk,"		$34.99/lb",34.99,lb,,,
264,Samaki Traditionally Cured and Cold Smoked Eastern Nova Smoked Salmon,Samaki Traditionally Cured and Cold Smoked Eastern Nova Smoked Salmon,scf,deli,4oz,"		$9.99/ea",9.99,ea,,,
265,Smoked Salmon Bits,Smoked Salmon Bits,scf,deli,NA,"		$13.99/lb",13.99,lb,,,
266,White Fish Salad,White Fish Salad,scf,deli,8oz,"		$7.99/ea($15.98/lb)",7.99,ea(,15.98/lb),,
267,"Just Bagels Sesame, Frozen","Just Bagels Sesame, Frozen",scf,deli,6pk,"		$2.59/ea($1.73/lb)",2.59,ea(,1.73/lb),,
268,"Acme Smoked Canadian Atlantic Salmon, Sliced To Order","Acme Smoked Canadian Atlantic Salmon, Sliced To Order",scf,deli,NA,"		$29.99/lb",29.99,lb,,,
269,Blue Hill Bay Smoked Wild King Salmon,Blue Hill Bay Smoked Wild King Salmon,scf,deli,3oz,"		$9.99/ea",9.99,ea,,,
270,Blue Hill Bay Verlasso Smoked Salmon,Blue Hill Bay Verlasso Smoked Salmon,scf,deli,3oz,"		$7.99/ea",7.99,ea,,,
271,"Kippered Baked Salmon, Cut to Order","Kippered Baked Salmon, Cut to Order",scf,deli,NA,"		$28.99/lb",28.99,lb,,,
272,Sliced Herring Fillets in Cream Sauce,Sliced Herring Fillets in Cream Sauce,scf,deli,NA,"		$12.99/lb",12.99,lb,,,
273,Sliced Marinated Herring Fillets,Sliced Marinated Herring Fillets,scf,deli,NA,"		$12.99/lb",12.99,lb,,,
274,St. James Scotch Reserve Gravadlax Sliced Smoked Salmon,St. James Scotch Reserve Gravadlax Sliced Smoked Salmon,scf,deli,4oz,"		$8.49/ea",8.49,ea,,,
275,St. James Scotch Reserve Smoked Scottish Salmon,St. James Scotch Reserve Smoked Scottish Salmon,scf,deli,8oz,"		$16.99/ea($33.98/lb)",16.99,ea(,33.98/lb),,
276,"St. James Scotch Reserve Smoked Scottish Salmon, Sliced to Order","St. James Scotch Reserve Smoked Scottish Salmon, Sliced to Order",scf,deli,NA,"		$29.99/lb",29.99,lb,,,
277,"The New Zealand King Salmon Company Ora King Smoked Salmon, Sliced to Order","The New Zealand King Salmon Company Ora King Smoked Salmon, Sliced to Order",scf,deli,NA,"		$37.99/lb",37.99,lb,,,
278,"Blue Hill Bay Verlasso Smoked Salmon, Sliced to Order","Blue Hill Bay Verlasso Smoked Salmon, Sliced to Order",scf,deli,NA,"		$32.99/lb",32.99,lb,,,
279,Catsmo Artisan Smokehouse Gold Label Smoked Salmon,Catsmo Artisan Smokehouse Gold Label Smoked Salmon,scf,deli,4oz,"		$10.99/ea($43.96/lb)",10.99,ea(,43.96/lb),,
280,Catsmo Artisan Smokehouse Tequila-Cilantro Smoked Salmon,Catsmo Artisan Smokehouse Tequila-Cilantro Smoked Salmon,scf,deli,4oz,"		$12.99/ea($51.96/lb)",12.99,ea(,51.96/lb),,
281,Daniel Boulud Kitchen Daniel Boulud Smoked Salmon,Daniel Boulud Kitchen Daniel Boulud Smoked Salmon,scf,deli,4oz,"		$12.99/ea($51.96/lb)",12.99,ea(,51.96/lb),,
282,"Ruby Bay King Salmon Jerky, Peppered","Ruby Bay King Salmon Jerky, Peppered",scf,deli,0.6oz,"		$2.99/ea",2.99,ea,,,
283,"Ruby Bay King Salmon Jerky, Teriyaki","Ruby Bay King Salmon Jerky, Teriyaki",scf,deli,1.25oz,"		$5.99/ea",5.99,ea,,,
284,"Ruby Bay King Salmon Jerky, Teriyaki","Ruby Bay King Salmon Jerky, Teriyaki",scf,deli,0.6oz,"		$2.99/ea",2.99,ea,,,
285,St. James Scotch Reserve Garlic and Pepper Sliced Smoked Scottish Salmon,St. James Scotch Reserve Garlic and Pepper Sliced Smoked Scottish Salmon,scf,deli,4oz,"		$8.49/ea",8.49,ea,,,
286,St. James Scotch Reserve Whole Sliced Smoked Scottish Salmon Side,St. James Scotch Reserve Whole Sliced Smoked Scottish Salmon Side,scf,deli,2-3lb,"		$25.99/lb",25.99,lb,,,
287,Blue Hill Bay Canadian Smoked Salmon,Blue Hill Bay Canadian Smoked Salmon,scf,deli,8oz,"		$0.00/null($0.00/lb)",0,null(,0.00/lb),,
289,Jumbo Smoked Whitefish,Jumbo Smoked Whitefish,scf,deli,NA,"		$0.00/null",0,null,,,
290,Vanity Fair 2-Ply Everyday Napkins,Vanity Fair 2-Ply Everyday Napkins,cat_paper,catering,100ct,"		$2.79/ea($0.03/ct)",2.79,ea(,0.03/ct),,
291,"Dixie Ultra Paper Plates Family Pack, 10 Inch","Dixie Ultra Paper Plates Family Pack, 10 Inch",cat_paper,catering,44ct,"		$6.49/ea($0.15/ct)",6.49,ea(,0.15/ct),,
292,"Dixie Ultra Paper Plates Family Pack, 8.5 Inch","Dixie Ultra Paper Plates Family Pack, 8.5 Inch",cat_paper,catering,64ct,"		$6.49/ea($0.09/ct)",6.49,ea(,0.09/ct),,
293,Home Best Flexible Straws,Home Best Flexible Straws,cat_paper,catering,100ct,"		$1.39/ea($0.01/ct)",1.39,ea(,0.01/ct),,
294,"Seventh Generation 100% Recycled Paper Napkins, 1-Ply","Seventh Generation 100% Recycled Paper Napkins, 1-Ply",cat_paper,catering,250ct,"		$4.69/ea($0.02/ct)",4.69,ea(,0.02/ct),,
295,Vanity Fair 2-Ply Everyday Napkins,Vanity Fair 2-Ply Everyday Napkins,cat_paper,catering,200ct,"		$5.29/ea($0.03/ct)",5.29,ea(,0.03/ct),,
296,Vanity Fair Impressions 3-Ply Dinner Napkins,Vanity Fair Impressions 3-Ply Dinner Napkins,cat_paper,catering,40ct,"		$2.99/ea($0.07/ct)",2.99,ea(,0.07/ct),,
297,"Bounty 1-Ply Quilted Napkins, White","Bounty 1-Ply Quilted Napkins, White",cat_paper,catering,200ct,"		$4.99/ea($0.02/ct)",4.99,ea(,0.02/ct),,
298,Cloud 9 Heavy Duty Clear Plastic Cutlery Combo,Cloud 9 Heavy Duty Clear Plastic Cutlery Combo,cat_paper,catering,108ct,"		$5.49/eaAny 2 Varieties for $9.90($0.05/ct)Mix'n'Match",5.49,eaAny 2 Varieties for ,9.90(0.05/ct)Mix'n'Match,0.05/ct)Mix'n'Match,
299,"Cloud 9 Heavy Duty Dessert Paper Plates, 7 Inch","Cloud 9 Heavy Duty Dessert Paper Plates, 7 Inch",cat_paper,catering,48ct,"		$5.49/eaAny 2 Varieties for $9.90($0.11/ct)Mix'n'Match",5.49,eaAny 2 Varieties for ,9.90(0.11/ct)Mix'n'Match,0.11/ct)Mix'n'Match,
300,"Cloud 9 Heavy Duty Dinner Paper Plates, 10 Inch","Cloud 9 Heavy Duty Dinner Paper Plates, 10 Inch",cat_paper,catering,40ct,"		$5.49/eaAny 2 Varieties for $9.90($0.14/ct)Mix'n'Match",5.49,eaAny 2 Varieties for ,9.90(0.14/ct)Mix'n'Match,0.14/ct)Mix'n'Match,
301,"Cloud 9 Plastic Cups, Red","Cloud 9 Plastic Cups, Red",cat_paper,catering,"16oz, 100ct","		$10.99/eaSave! 2 for $20.00($0.69/ct)",10.99,eaSave! 2 for ,20.00(0.69/ct),0.69/ct),
302,"Dixie Ultra Bowls, 20oz","Dixie Ultra Bowls, 20oz",cat_paper,catering,26ct,"		$3.79/ea($0.15/ct)",3.79,ea(,0.15/ct),,
303,"Heavy Duty Plastic Forks, White","Heavy Duty Plastic Forks, White",cat_paper,catering,100ct,"		$5.49/eaAny 2 100ct utensils for $10.00($0.05/ct)Mix'n'Match",5.49,eaAny 2 100ct utensils for ,10.00(0.05/ct)Mix'n'Match,0.05/ct)Mix'n'Match,
304,"Heavy Duty Plastic Spoons, White","Heavy Duty Plastic Spoons, White",cat_paper,catering,100ct,"		$5.49/eaAny 2 100ct utensils for $10.00($0.05/ct)Mix'n'Match",5.49,eaAny 2 100ct utensils for ,10.00(0.05/ct)Mix'n'Match,0.05/ct)Mix'n'Match,
305,Solo Ultra Clear Plastic Cups,Solo Ultra Clear Plastic Cups,cat_paper,catering,"9oz, 40ct","		$3.59/ea($0.09/ct)",3.59,ea(,0.09/ct),,
306,Vanity Fair Impressions 3-Ply Dinner Napkins,Vanity Fair Impressions 3-Ply Dinner Napkins,cat_paper,catering,80ct,"		$5.29/ea($0.07/ct)",5.29,ea(,0.07/ct),,
307,"Chinet Classic White All Occasion Dinner Plates, 10 Inch","Chinet Classic White All Occasion Dinner Plates, 10 Inch",cat_paper,catering,32ct,"		$6.59/ea($0.21/ct)",6.59,ea(,0.21/ct),,
308,"Chinet Classic White All Occasion Lunch Plates, 8 Inch","Chinet Classic White All Occasion Lunch Plates, 8 Inch",cat_paper,catering,36ct,"		$6.49/ea($0.18/ct)",6.49,ea(,0.18/ct),,
309,"Dixie Ultra Paper Plates Family Pack, 6.88 Inch","Dixie Ultra Paper Plates Family Pack, 6.88 Inch",cat_paper,catering,88ct,"		$6.49/ea($0.07/ct)",6.49,ea(,0.07/ct),,
310,Dixie Ultra Plastic Cutlery Dinner Combo,Dixie Ultra Plastic Cutlery Dinner Combo,cat_paper,catering,"36 forks, 36 spoons, 36 knives","		$6.99/ea($0.06/ct)",6.99,ea(,0.06/ct),,
311,"Heavy Duty Plastic Knives, White","Heavy Duty Plastic Knives, White",cat_paper,catering,100ct,"		$5.49/eaAny 2 100ct utensils for $10.00($0.05/ct)Mix'n'Match",5.49,eaAny 2 100ct utensils for ,10.00(0.05/ct)Mix'n'Match,0.05/ct)Mix'n'Match,
312,"Solo Ultra Colors Plastic Cups, 16oz","Solo Ultra Colors Plastic Cups, 16oz",cat_paper,catering,24ct,"		$3.69/ea($0.15/ct)",3.69,ea(,0.15/ct),,
313,"Chinet Classic White All Occasion Dinner Plates, 10 Inch, Case","Chinet Classic White All Occasion Dinner Plates, 10 Inch, Case",cat_paper,catering,"12 packs, 32ct/pack","		$70.99/cs($0.18/ct)",70.99,cs(,0.18/ct),,
314,"Chinet Classic White Dinner Plates, 9 Inch","Chinet Classic White Dinner Plates, 9 Inch",cat_paper,catering,15ct,"		$6.49/ea($0.43/ct)",6.49,ea(,0.43/ct),,
315,"Chinet Classic White Dinner Plates, 9 Inch, Case","Chinet Classic White Dinner Plates, 9 Inch, Case",cat_paper,catering,"12 packs, 15ct/pack","		$69.99/cs($0.39/ct)",69.99,cs(,0.39/ct),,
316,"Cloud 9 Heavy Duty Clear Plastic Cutlery Combo, Case","Cloud 9 Heavy Duty Clear Plastic Cutlery Combo, Case",cat_paper,catering,"9 boxes, 108ct (36ea utensil)/box","		$43.99/cs($0.05/ct)",43.99,cs(,0.05/ct),,
317,"Cloud 9 Heavy Duty Dessert Paper Plates, 7 Inch, Case","Cloud 9 Heavy Duty Dessert Paper Plates, 7 Inch, Case",cat_paper,catering,"12 packs, 48ct/pack","		$58.99/cs($0.10/ct)",58.99,cs(,0.10/ct),,
318,"Cloud 9 Heavy Duty Dinner Paper Plates, 10 Inch, Case","Cloud 9 Heavy Duty Dinner Paper Plates, 10 Inch, Case",cat_paper,catering,"6 packs, 40ct/pack","		$29.49/cs($0.12/ct)",29.49,cs(,0.12/ct),,
319,"Cloud 9 Plastic Cups, Red, Case","Cloud 9 Plastic Cups, Red, Case",cat_paper,catering,"6 packs, 100ct/pack","		$58.99/cs($0.10/ct)",58.99,cs(,0.10/ct),,
320,"Dixie Paper Plates, 10.25 Inch","Dixie Paper Plates, 10.25 Inch",cat_paper,catering,26ct,"		$3.89/ea($0.15/ct)",3.89,ea(,0.15/ct),,
321,"Dixie PerfecTouch Grab 'N Go, Cups & Lids, Mega Pack","Dixie PerfecTouch Grab 'N Go, Cups & Lids, Mega Pack",cat_paper,catering,"66ct, 12oz cups","		$17.99/ea($0.27/ct)",17.99,ea(,0.27/ct),,
322,"Dixie Ultra Bowls, 20oz, Case","Dixie Ultra Bowls, 20oz, Case",cat_paper,catering,"8pk, 26ct/pack","		$26.99/cs($0.13/ct)",26.99,cs(,0.13/ct),,
323,"Dixie Ultra Paper Plates Family Pack, 10 Inch, Case","Dixie Ultra Paper Plates Family Pack, 10 Inch, Case",cat_paper,catering,"8 packs, 44ct/pack","		$46.49/cs($0.13/ct)",46.49,cs(,0.13/ct),,
324,"Dixie Ultra Paper Plates Family Pack, 6.88 Inch, Case","Dixie Ultra Paper Plates Family Pack, 6.88 Inch, Case",cat_paper,catering,"6 packs, 88ct/pack","		$34.99/cs($0.07/ct)",34.99,cs(,0.07/ct),,
325,"Dixie Ultra Paper Plates Family Pack, 8.5 Inch, Case","Dixie Ultra Paper Plates Family Pack, 8.5 Inch, Case",cat_paper,catering,"6 packs, 64ct/pack","		$34.99/cs($0.09/ct)",34.99,cs(,0.09/ct),,
326,"Dopaco Tear Back Lids for 10-12oz Cups, Case","Dopaco Tear Back Lids for 10-12oz Cups, Case",cat_paper,catering,"1,000ct","		$26.79/cs($0.03/ct)",26.79,cs(,0.03/ct),,
327,"Essential Everyday 8.6"" Ultra Strong Designer Paper Plates","Essential Everyday 8.6"" Ultra Strong Designer Paper Plates",cat_paper,catering,35ct,"		$3.99/ea($0.11/ct)",3.99,ea(,0.11/ct),,
328,"Heavy Duty Plastic Forks, Case","Heavy Duty Plastic Forks, Case",cat_paper,catering,"100ct ea, case of 10","		$48.99/cs($0.05/ct)",48.99,cs(,0.05/ct),,
329,"Heavy Duty Plastic Knives, Case","Heavy Duty Plastic Knives, Case",cat_paper,catering,"100ct ea, case of 10","		$48.99/cs($0.05/ct)",48.99,cs(,0.05/ct),,
330,"Heavy Duty Plastic Spoons, Case","Heavy Duty Plastic Spoons, Case",cat_paper,catering,"100ct ea, case of 10","		$48.99/cs($0.05/ct)",48.99,cs(,0.05/ct),,
331,"Hoffmaster 2-Ply Paper Beverage Napkins, Case","Hoffmaster 2-Ply Paper Beverage Napkins, Case",cat_paper,catering,"3,000ct","		$45.99/cs($0.02/ct)",45.99,cs(,0.02/ct),,
332,"Moducup Paper Cups, 10oz, Case","Moducup Paper Cups, 10oz, Case",cat_paper,catering,"1,000ct","		$47.69/cs($0.05/ct)",47.69,cs(,0.05/ct),,
333,"Moducup Paper Cups, 12oz, Case","Moducup Paper Cups, 12oz, Case",cat_paper,catering,"1,000ct","		$59.99/cs($0.06/ct)",59.99,cs(,0.06/ct),,
334,"Moducup Paper Cups, 8oz, Case","Moducup Paper Cups, 8oz, Case",cat_paper,catering,"1,000ct","		$46.99/cs($0.05/ct)",46.99,cs(,0.05/ct),,
335,Mozaïk Heavy-Weight Plastic Cutlery Combo,Mozaïk Heavy-Weight Plastic Cutlery Combo,cat_paper,catering,"16 Forks, 8 Spoons, 8 Knives","		$5.99/ea($0.19/ct)",5.99,ea(,0.19/ct),,
336,"Mozaïk Heavy-Weight Plastic Cutlery Combo, Case","Mozaïk Heavy-Weight Plastic Cutlery Combo, Case",cat_paper,catering,"12 boxes, 32ct (16 frks, 8 knvs, 8 spns)/box","		$64.49/cs($0.17/ct)",64.49,cs(,0.17/ct),,
337,"Mozaïk Premium Heavy-Weight Plastic Plates, 10.25 Inch","Mozaïk Premium Heavy-Weight Plastic Plates, 10.25 Inch",cat_paper,catering,8ct,"		$6.99/ea($0.87/ct)",6.99,ea(,0.87/ct),,
338,"Mozaïk Premium Heavy-Weight Plastic Plates, 10.25 Inch, Case","Mozaïk Premium Heavy-Weight Plastic Plates, 10.25 Inch, Case",cat_paper,catering,"16 packs, 8ct/pack","		$100.49/cs($0.79/ct)",100.49,cs(,0.79/ct),,
339,Plastic Coffee Stirrers,Plastic Coffee Stirrers,cat_paper,catering,"1,000ct","		$5.49/ea($0.01/ct)",5.49,ea(,0.01/ct),,
340,"Seventh Generation Unbleached 100% Recycled Paper Napkins, 1-Ply","Seventh Generation Unbleached 100% Recycled Paper Napkins, 1-Ply",cat_paper,catering,500ct,"		$7.29/ea($0.01/ct)",7.29,ea(,0.01/ct),,
341,"Smith-Lee White Paper Plates, 9 Inch","Smith-Lee White Paper Plates, 9 Inch",cat_paper,catering,500ct,"		$33.29/cs($0.07/ct)",33.29,cs(,0.07/ct),,
342,"Solo Ultra Colors Plastic Cups, 16oz, Case","Solo Ultra Colors Plastic Cups, 16oz, Case",cat_paper,catering,"24ct ea, case of 12","		$39.49/cs($0.14/ct)",39.49,cs(,0.14/ct),,
343,"Vanity Fair 2-Ply Everyday Napkins, Case","Vanity Fair 2-Ply Everyday Napkins, Case",cat_paper,catering,"100ct ea, case of 24","		$59.99/cs($0.06/ct)",59.99,cs(,0.06/ct),,
344,"Essential Everyday 10"" Ultra Strong Designer Paper Plates","Essential Everyday 10"" Ultra Strong Designer Paper Plates",cat_paper,catering,40ct,"		$5.99/ea($0.15/ct)",5.99,ea(,0.15/ct),,
345,Chinet Comfort Cup Insulated Hot Cups and Lids,Chinet Comfort Cup Insulated Hot Cups and Lids,cat_paper,catering,"10ct, 16oz ea","		$0.00/null($0.00/ct)",0,null(,0.00/ct),,
346,"Cloud 9 Paper Bowls, 20oz","Cloud 9 Paper Bowls, 20oz",cat_paper,catering,40ct,"		$0.00/nullAny 2 Varieties for $9.90($0.00/ct)Mix'n'Match",0,nullAny 2 Varieties for ,9.90(0.00/ct)Mix'n'Match,0.00/ct)Mix'n'Match,
347,"Dixie Bath Cups, 3oz","Dixie Bath Cups, 3oz",cat_paper,catering,200ct,"		$0.00/null($0.00/ct)",0,null(,0.00/ct),,
348,"Chinet Classic White All Occasion Lunch Plates, 8 Inch, Case","Chinet Classic White All Occasion Lunch Plates, 8 Inch, Case",cat_paper,catering,"12 packs, 36ct/pack","		$0.00/null($0.00/ct)",0,null(,0.00/ct),,
349,"Chinet Classic White Square Appetizer & Dessert Plates, 6 Inch","Chinet Classic White Square Appetizer & Dessert Plates, 6 Inch",cat_paper,catering,35ct,"		$0.00/null($0.00/ct)",0,null(,0.00/ct),,
350,"Chinet Classic White Square Appetizer & Dessert Plates, 6 Inch, Case","Chinet Classic White Square Appetizer & Dessert Plates, 6 Inch, Case",cat_paper,catering,"12 packs, 35ct/pack","		$0.00/null($0.00/ct)",0,null(,0.00/ct),,
351,"Chinet Comfort Cup Insulated Hot Cups and Lids, Case","Chinet Comfort Cup Insulated Hot Cups and Lids, Case",cat_paper,catering,"12 packs, 10ct/pack","		$0.00/null($0.00/ct)",0,null(,0.00/ct),,
352,"Cloud 9 Paper Bowls, 20oz, Case","Cloud 9 Paper Bowls, 20oz, Case",cat_paper,catering,"8 packs, 40ct/pack","		$0.00/null($0.00/ct)",0,null(,0.00/ct),,
353,"Metro 1-Ply Paper Beverage Napkins, Case","Metro 1-Ply Paper Beverage Napkins, Case",cat_paper,catering,"4,000ct","		$0.00/null($0.00/ct)",0,null(,0.00/ct),,
354,FreshDirect 'Baked' Ziti,FreshDirect 'Baked' Ziti,hmr_fresh_vegcuisine,4mm,11.4oz,"		$7.99/ea($11.25/lb)",7.99,ea(,11.25/lb),,
355,FreshDirect 'Sides-in-a-Snap' Saag Paneer,FreshDirect 'Sides-in-a-Snap' Saag Paneer,hmr_fresh_vegcuisine,4mm,12oz,"		$5.99/ea($7.99/lb)",5.99,ea(,7.99/lb),,
356,FreshDirect Four-Cheese Ravioli in Slow-Cooked Tomato Sauce,FreshDirect Four-Cheese Ravioli in Slow-Cooked Tomato Sauce,hmr_fresh_vegcuisine,4mm,11.1oz,"		$6.99/ea($10.13/lb)",6.99,ea(,10.13/lb),,
357,FreshDirect Sweet Potato Shepherd's Pie,FreshDirect Sweet Potato Shepherd's Pie,hmr_fresh_vegcuisine,4mm,12oz,"		$7.99/ea($10.65/lb)",7.99,ea(,10.65/lb),,
358,FreshDirect Falafel & Mediterranean Mezze,FreshDirect Falafel & Mediterranean Mezze,hmr_fresh_vegcuisine,4mm,10.3oz,"		$6.99/ea($10.92/lb)",6.99,ea(,10.92/lb),,
359,FreshDirect Indian-Spiced Lentil and Veggie Stew,FreshDirect Indian-Spiced Lentil and Veggie Stew,hmr_fresh_vegcuisine,4mm,13.5oz,"		$7.99/ea($9.51/lb)",7.99,ea(,9.51/lb),,
360,"FreshDirect Pearl Pasta w/ Artichokes, Broccoli Rabe, Roasted Tomatoes & White Beans","FreshDirect Pearl Pasta w/ Artichokes, Broccoli Rabe, Roasted Tomatoes & White Beans",hmr_fresh_vegcuisine,4mm,10.8oz,"		$7.99/ea($11.75/lb)",7.99,ea(,11.75/lb),,
361,FreshDirect Spaghetti & Vegetarian Meatballs,FreshDirect Spaghetti & Vegetarian Meatballs,hmr_fresh_vegcuisine,4mm,10.7oz,"		$8.99/eaSave! 2 for $14.00($13.42/lb)",8.99,eaSave! 2 for ,14.00(13.42/lb),13.42/lb),
362,FreshDirect Spinach & Mushroom Lasagna,FreshDirect Spinach & Mushroom Lasagna,hmr_fresh_vegcuisine,4mm,10.2oz,"		$7.49/ea($11.70/lb)",7.49,ea(,11.70/lb),,
363,FreshDirect Steamed Whole Wheat Edamame Buns,FreshDirect Steamed Whole Wheat Edamame Buns,hmr_fresh_vegcuisine,4mm,11oz,"		$7.99/ea($11.58/lb)",7.99,ea(,11.58/lb),,
364,FreshDirect Vegetable Korma,FreshDirect Vegetable Korma,hmr_fresh_vegcuisine,4mm,12.5oz,"		$7.99/ea($10.24/lb)",7.99,ea(,10.24/lb),,
365,FreshDirect Vegetarian Mexican-Style Lasagna,FreshDirect Vegetarian Mexican-Style Lasagna,hmr_fresh_vegcuisine,4mm,11.6oz,"		$6.99/ea($9.58/lb)",6.99,ea(,9.58/lb),,
366,FreshDirect Veggie Italian Sausage & Creamy Polenta,FreshDirect Veggie Italian Sausage & Creamy Polenta,hmr_fresh_vegcuisine,4mm,11.9oz,"		$8.99/ea($12.15/lb)",8.99,ea(,12.15/lb),,
367,FreshDirect Cheese Manicotti,FreshDirect Cheese Manicotti,hmr_fresh_vegcuisine,4mm,11.8oz,"		$6.99/ea($9.45/lb)",6.99,ea(,9.45/lb),,
368,"FreshDirect Veggie Chorizo, Kale and Mixed Grain Hoppin' John","FreshDirect Veggie Chorizo, Kale and Mixed Grain Hoppin' John",hmr_fresh_vegcuisine,4mm,12.4oz,"		$7.99/ea($10.24/lb)",7.99,ea(,10.24/lb),,
369,"Empire Kosher Chicken Breasts, Boneless & Skinless, Raised w/o Antibiotics","Empire Kosher Chicken Breasts, Boneless & Skinless, Raised w/o Antibiotics",meat_kosh_link,shop,NA,"		$7.99/lb",7.99,lb,,,
370,"Empire Kosher Organic Chicken Breasts, Boneless & Skinless","Empire Kosher Organic Chicken Breasts, Boneless & Skinless",meat_kosh_link,shop,NA,"		$10.99/lb",10.99,lb,,,
371,Empire Kosher White Ground Turkey,Empire Kosher White Ground Turkey,meat_kosh_link,shop,(1lb per pack),"		$5.99/ea",5.99,ea,,,
372,"Empire Kosher Broiler Chicken, Raised w/o Antibiotics","Empire Kosher Broiler Chicken, Raised w/o Antibiotics",meat_kosh_link,shop,NA,"		$3.49/lb",3.49,lb,,,
373,"Empire Kosher Chicken Drumsticks, Raised w/o Antibiotics","Empire Kosher Chicken Drumsticks, Raised w/o Antibiotics",meat_kosh_link,shop,NA,"		$3.69/lb",3.69,lb,,,
374,"Empire Kosher Chicken Leg Quarters, Raised w/o Antibiotics","Empire Kosher Chicken Leg Quarters, Raised w/o Antibiotics",meat_kosh_link,shop,NA,"		$3.49/lb",3.49,lb,,,
375,"Empire Kosher Chicken Thighs w/ Back Portions, Raised w/o Antibiotics","Empire Kosher Chicken Thighs w/ Back Portions, Raised w/o Antibiotics",meat_kosh_link,shop,NA,"		$3.69/lb",3.69,lb,,,
376,"Empire Kosher Cut-Up Whole Chicken, Raised w/o Antibiotics","Empire Kosher Cut-Up Whole Chicken, Raised w/o Antibiotics",meat_kosh_link,shop,8-piece pack,"		$3.79/lb",3.79,lb,,,
377,Empire Kosher Boneless Skinless Chicken Thighs,Empire Kosher Boneless Skinless Chicken Thighs,meat_kosh_link,shop,NA,"		$7.99/lb",7.99,lb,,,
378,Meal Mart Kosher Ground Beef,Meal Mart Kosher Ground Beef,meat_kosh_link,shop,NA,"		$8.19/lb",8.19,lb,,,
379,Meal Mart Kosher Beef Stew Meat,Meal Mart Kosher Beef Stew Meat,meat_kosh_link,shop,NA,"		$11.69/lb",11.69,lb,,,
380,Meal Mart Kosher Beef Bone-In Flanken Short Ribs,Meal Mart Kosher Beef Bone-In Flanken Short Ribs,meat_kosh_link,shop,"2 pieces (1"" thick, 3 bone cut)","		$13.19/lb",13.19,lb,,,
381,"Meal Mart Kosher Beef Brisket, First-Cut","Meal Mart Kosher Beef Brisket, First-Cut",meat_kosh_link,shop,"about 1.5"" thick","		$15.19/lb",15.19,lb,,,
382,Meal Mart Kosher Bone-In Rib Steak,Meal Mart Kosher Bone-In Rib Steak,meat_kosh_link,shop,"1 steak (3/4"" thick)","		$17.99/lb",17.99,lb,,,
383,Meal Mart Kosher Boneless Beef Short Ribs,Meal Mart Kosher Boneless Beef Short Ribs,meat_kosh_link,shop,3ct,"		$12.19/lb",12.19,lb,,,
384,Meal Mart Kosher Lamb Shoulder Chop,Meal Mart Kosher Lamb Shoulder Chop,meat_kosh_link,shop,"1 chop (3/4"" thick)","		$12.99/lb",12.99,lb,,,
385,Meal Mart Kosher Pepper Steak,Meal Mart Kosher Pepper Steak,meat_kosh_link,shop,NA,"		$11.99/lb",11.99,lb,,,
386,Meal Mart Kosher Rib Eye Steak,Meal Mart Kosher Rib Eye Steak,meat_kosh_link,shop,"1 steak (3/4"" - 1"" thick)","		$19.99/lb",19.99,lb,,,
387,Meal Mart Kosher Shoulder London Broil,Meal Mart Kosher Shoulder London Broil,meat_kosh_link,shop,"1 roast, 2"" thick","		$12.99/lb",12.99,lb,,,
388,Meal Mart Kosher Top Blade Minute Steak,Meal Mart Kosher Top Blade Minute Steak,meat_kosh_link,shop,"2 steaks (1"" thick)","		$13.19/lb",13.19,lb,,,
389,Aletta Garnacha,Aletta Garnacha,vin_staff_picks,wine,750ml,"		$9.99/ea($13.32/l)",9.99,ea(,13.32/l),,
390,Angeline Pinot Noir,Angeline Pinot Noir,vin_staff_picks,wine,750ml,"		$12.99/ea($17.32/l)",12.99,ea(,17.32/l),,
391,Castle Rock Pinot Noir Sonoma County,Castle Rock Pinot Noir Sonoma County,vin_staff_picks,wine,750ml,"		$15.99/ea($21.32/l)",15.99,ea(,21.32/l),,
392,Circa Toscana Rosso,Circa Toscana Rosso,vin_staff_picks,wine,750ml,"		$9.99/ea($13.32/l)",9.99,ea(,13.32/l),,
393,Domaine Le Garrigon Cotes du Rhone Wineberry Box,Domaine Le Garrigon Cotes du Rhone Wineberry Box,vin_staff_picks,wine,3L (3000ml),"		$44.99/ea($15.00/l)",44.99,ea(,15.00/l),,
394,Montinore Pinot Noir Willamette,Montinore Pinot Noir Willamette,vin_staff_picks,wine,750ml,"		$24.99/ea($33.32/l)",24.99,ea(,33.32/l),,
395,Au Bon Climat Pinot Noir,Au Bon Climat Pinot Noir,vin_staff_picks,wine,750ml,"		$20.99/ea($27.99/l)",20.99,ea(,27.99/l),,
396,Biurko Rioja Joven,Biurko Rioja Joven,vin_staff_picks,wine,750ml,"		$9.99/ea($13.32/l)",9.99,ea(,13.32/l),,
397,Chateau Spencer La Pujade Le P'tit Spencer Corbières,Chateau Spencer La Pujade Le P'tit Spencer Corbières,vin_staff_picks,wine,750ml,"		$12.99/ea($17.32/l)",12.99,ea(,17.32/l),,
398,Clos Magne Figeac St. Emilion,Clos Magne Figeac St. Emilion,vin_staff_picks,wine,750ml,"		$24.99/ea($33.32/l)",24.99,ea(,33.32/l),,
399,Finca Flichman Misterio Malbec,Finca Flichman Misterio Malbec,vin_staff_picks,wine,750ml,"		$9.99/ea($13.32/l)",9.99,ea(,13.32/l),,
400,Excelsior Cabernet Sauvignon,Excelsior Cabernet Sauvignon,vin_staff_picks,wine,750ml," 	$9.79/ea $10.99Save 10%($13.05/l)",9.79,ea ,10.99Save 10%(13.05/l),13.05/l),
401,Condado de Haza Ribera Del Duero,Condado de Haza Ribera Del Duero,vin_staff_picks,wine,750ml,"		$27.99/ea($37.32/l)",27.99,ea(,37.32/l),,
402,"Jean Pla ""Le Renard""","Jean Pla ""Le Renard""",vin_staff_picks,wine,750ml,"		$13.99/ea($18.65/l)",13.99,ea(,18.65/l),,
403,Smith & Hook Cabernet Sauvignon,Smith & Hook Cabernet Sauvignon,vin_staff_picks,wine,750ml,"		$19.99/ea($26.65/l)",19.99,ea(,26.65/l),,
404,"Villadoria ""Bricco Magno"" Langhe Nebbiolo  ","Villadoria ""Bricco Magno"" Langhe Nebbiolo  ",vin_staff_picks,wine,750ml,"		$16.99/ea($22.65/l)",16.99,ea(,22.65/l),,
405,Castro Martin Rías Baixas Albariño 'Sobre Lias',Castro Martin Rías Baixas Albariño 'Sobre Lias',vin_staff_picks,wine,750ml,"		$19.99/ea($26.65/l)",19.99,ea(,26.65/l),,
406,Domaine d'Uby Colombard - Ugni Blanc,Domaine d'Uby Colombard - Ugni Blanc,vin_staff_picks,wine,750ml,"		$9.99/ea($13.32/l)",9.99,ea(,13.32/l),,
407,Domaine de la Madone Picpoul de Pinet,Domaine de la Madone Picpoul de Pinet,vin_staff_picks,wine,750ml,"		$10.99/ea($14.65/l)",10.99,ea(,14.65/l),,
408,Laurenz V. und Sophie Singing Gruner Veltliner,Laurenz V. und Sophie Singing Gruner Veltliner,vin_staff_picks,wine,750ml,"		$16.99/ea($22.65/l)",16.99,ea(,22.65/l),,
409,Left Wave Sauvignon Blanc Leyda Valley,Left Wave Sauvignon Blanc Leyda Valley,vin_staff_picks,wine,750ml,"		$11.99/ea($15.99/l)",11.99,ea(,15.99/l),,
410,Belle Ambiance Chardonnay,Belle Ambiance Chardonnay,vin_staff_picks,wine,750ml,"		$8.99/ea($11.99/l)",8.99,ea(,11.99/l),,
411,Chalk Hill Sonoma Coast Chardonnay,Chalk Hill Sonoma Coast Chardonnay,vin_staff_picks,wine,750ml,"		$19.99/ea($26.65/l)",19.99,ea(,26.65/l),,
412,Chateau de Cerons Graves Blanc,Chateau de Cerons Graves Blanc,vin_staff_picks,wine,750ml,"		$27.99/ea($37.32/l)",27.99,ea(,37.32/l),,
413,Cono Sur Reserva Especial Chardonnay,Cono Sur Reserva Especial Chardonnay,vin_staff_picks,wine,750ml,"		$13.99/ea($18.65/l)",13.99,ea(,18.65/l),,
414,Kung Fu Girl Riesling,Kung Fu Girl Riesling,vin_staff_picks,wine,750ml,"		$14.99/ea($19.99/l)",14.99,ea(,19.99/l),,
415,Château Real Martin Perle de Rose Côtes de Provence,Château Real Martin Perle de Rose Côtes de Provence,vin_staff_picks,wine,750ml,"		$17.99/ea($23.99/l)",17.99,ea(,23.99/l),,
416,Duval Leroy Brut Champagne,Duval Leroy Brut Champagne,vin_staff_picks,wine,750ml,"		$35.99/ea($47.99/l)",35.99,ea(,47.99/l),,
417,Juvé y Camps Cave Rosé Pinot Noir,Juvé y Camps Cave Rosé Pinot Noir,vin_staff_picks,wine,750ml,"		$17.99/ea($23.99/l)",17.99,ea(,23.99/l),,
418,Laurent Miquel Cinsault Syrah Rose,Laurent Miquel Cinsault Syrah Rose,vin_staff_picks,wine,750ml,"		$9.99/ea($13.32/l)",9.99,ea(,13.32/l),,
419,Villa Sandi Il Fresco Prosecco D.O.C.,Villa Sandi Il Fresco Prosecco D.O.C.,vin_staff_picks,wine,750ml,"		$14.99/ea($19.99/l)",14.99,ea(,19.99/l),,
420,Brockmans Intensely Smooth Gin,Brockmans Intensely Smooth Gin,vin_staff_picks,wine,750ml,"		$34.99/ea($46.65/l)",34.99,ea(,46.65/l),,
421,Carpano Antica Formula Vermouth,Carpano Antica Formula Vermouth,vin_staff_picks,wine,1L (1000ml),"		$33.99/ea($33.99/l)",33.99,ea(,33.99/l),,
422,Bulleit Rye Whiskey,Bulleit Rye Whiskey,vin_staff_picks,wine,750ml,"		$39.99/ea($53.32/l)",39.99,ea(,53.32/l),,
423,Cimarron Blanco Tequila,Cimarron Blanco Tequila,vin_staff_picks,wine,1000ml,"		$22.99/ea($30.65/l)",22.99,ea(,30.65/l),,
424,El Buho Mezcal,El Buho Mezcal,vin_staff_picks,wine,750ml,"		$34.99/ea($46.65/l)",34.99,ea(,46.65/l),,
425,FAIR Quinoa Vodka,FAIR Quinoa Vodka,vin_staff_picks,wine,750ml,"		$29.99/ea($39.99/l)",29.99,ea(,39.99/l),,
426,Guillon-Painturaud V.S.O.P. Grand Champagne Cognac,Guillon-Painturaud V.S.O.P. Grand Champagne Cognac,vin_staff_picks,wine,750ml,"		$52.99/ea($70.65/l)",52.99,ea(,70.65/l),,
427,Industry Standard Vodka,Industry Standard Vodka,vin_staff_picks,wine,750ml,"		$37.99/ea($50.65/l)",37.99,ea(,50.65/l),,
428,Jefferson's Bourbon Very Small Batch FreshDirect Single Barrel Selection,Jefferson's Bourbon Very Small Batch FreshDirect Single Barrel Selection,vin_staff_picks,wine,750ml,"		$39.99/ea($53.32/l)",39.99,ea(,53.32/l),,
429,Plantation Rum Grande Reserve 5 Years,Plantation Rum Grande Reserve 5 Years,vin_staff_picks,wine,750ml,"		$21.99/ea($29.32/l)",21.99,ea(,29.32/l),,
430,Redemption Straight Rye Whiskey,Redemption Straight Rye Whiskey,vin_staff_picks,wine,750ml,"		$26.99/ea($35.99/l)",26.99,ea(,35.99/l),,
431,Grape Tomatoes,Grape Tomatoes,tm,vegetables,(12-14oz per pint),"		$2.99/pkgSave! 2 for $5.00",2.99,pkgSave! 2 for ,5,,
432,Backyard Farms  Pink Beefsteak Tomatoes,Backyard Farms  Pink Beefsteak Tomatoes,tm,vegetables,33.8oz," 	$2.99/lb $4.99Save 40%",2.99,lb ,4.99Save 40%,,
433,Just FreshDirect Unfiltered Olio Novello,Just FreshDirect Unfiltered Olio Novello,tm,vegetables,33.8oz,"		$19.99/ea($9.47/pt)",19.99,ea(,9.47/pt),,
434,On the Vine Tomatoes,On the Vine Tomatoes,tm,vegetables,NA,"		$2.99/lb",2.99,lb,,,
435,Organic Grape Tomatoes,organic grape tomatoes,tm,vegetables,(12-14oz per pint),"		$3.99/pkg",3.99,pkg,,,
436,Sunset One Sweet Cherry Tomatoes,Sunset One Sweet Cherry Tomatoes,tm,vegetables,16oz,"		$3.99/ea",3.99,ea,,,
437,"Beefsteak Tomatoes, Large","Beefsteak Tomatoes, Large",tm,vegetables,NA,"		$2.99/lb",2.99,lb,,,
438,FreshDirect Homestyle Roasted Turkey,FreshDirect Homestyle Roasted Turkey,tm,vegetables,NA,"		$10.99/lb",10.99,lb,,,
439,Organic Tomatoes On the Vine,Organic Tomatoes On the Vine,tm,vegetables,NA,"		$3.99/lb",3.99,lb,,,
440,"Plum Tomato, Large","Plum Tomato, Large",tm,vegetables,NA,"		$1.49/lb",1.49,lb,,,
441,Sunset Angel Sweet Grape Tomatoes,Sunset Angel Sweet Grape Tomatoes,tm,vegetables,16oz,"		$3.99/ea",3.99,ea,,,
442,Sunset Campari Tomatoes,Sunset Campari Tomatoes,tm,vegetables,1lb,"		$3.99/ea",3.99,ea,,,
443,Organic Red Beefsteak Tomato,Organic Red Beefsteak Tomato,tm,vegetables,NA,"		$3.99/lb",3.99,lb,,,
444,Sunset Wild Wonders Tomatoes,Sunset Wild Wonders Tomatoes,tm,vegetables,12oz,"		$3.99/ea",3.99,ea,,,
445,Sunset Zima Golden Cherry Tomatoes,Sunset Zima Golden Cherry Tomatoes,tm,vegetables,16oz,"		$3.99/ea",3.99,ea,,,
446,Organic Campari Tomatoes,Organic Campari Tomatoes,tm,vegetables,12oz,"		$4.99/ea",4.99,ea,,,
447,Sunset Heirloom Tomatoes,Sunset Heirloom Tomatoes,tm,vegetables,each,"		$4.99/lb",4.99,lb,,,
448,Sunset Kumato Tomatoes,Sunset Kumato Tomatoes,tm,vegetables,1lb,"		$3.99/ea",3.99,ea,,,
449,FreshDirect Fresh Roasted Whole Turkey Breast,FreshDirect Fresh Roasted Whole Turkey Breast,tm,vegetables,NA,"		$11.99/lb",11.99,lb,,,
450,Sunset Mini Kumato Tomatoes,Sunset Mini Kumato Tomatoes,tm,vegetables,16oz,"		$4.99/ea",4.99,ea,,,
451,Sunset Wild Wonders Tomatoes,Sunset Wild Wonders Tomatoes,tm,vegetables,2lbs,"		$7.99/ea",7.99,ea,,,
452,Sunset Y.E.L.O. Tomatoes,Sunset Y.E.L.O. Tomatoes,tm,vegetables,10oz,"		$2.99/ea",2.99,ea,,,
453,Sunset Quattro Mini Tomatoes,Sunset Quattro Mini Tomatoes,tm,vegetables,18oz,"		$7.99/ea",7.99,ea,,,
454,Field & Farm Savoury Roma Plum Tomatoes,Field & Farm Savoury Roma Plum Tomatoes,tm,vegetables,1.5lbs,"		$3.99/ea",3.99,ea,,,
455,Sunset Angel Sweet Grape Tomatoes,Sunset Angel Sweet Grape Tomatoes,tm,vegetables,2lbs,"		$7.99/ea",7.99,ea,,,
456,Sunset Delano Tomatoes on the Vine,Sunset Delano Tomatoes on the Vine,tm,vegetables,1.1lb,"		$3.49/ea",3.49,ea,,,
457,"FreshDirect All-Natural Honey Turkey Breast, Raised Without Antibiotics","FreshDirect All-Natural Honey Turkey Breast, Raised Without Antibiotics",tm,vegetables,NA,"		$11.99/lb",11.99,lb,,,
458,Ready-to-Eat Sundried Tomatoes,Ready-to-Eat Sundried Tomatoes,tm,vegetables,12oz,"		$6.99/ea",6.99,ea,,,
459,Green Tomatoes,Green Tomatoes,tm,vegetables,NA,"		$2.99/lb",2.99,lb,,,
460,Black Dirt Region Beefsteak Tomato,Black Dirt Region Beefsteak Tomato,tm,vegetables,NA,"		$2.99/lb",2.99,lb,,,
461,Organic Valley Mozzarella Stringles,Organic Valley Mozzarella Stringles,gratche,pasta,6oz,"		$5.49/ea($14.45/lb)",5.49,ea(,14.45/lb),,
462,Just FreshDirect Low-Moisture Part-Skim Mozzarella String Cheese,Just FreshDirect Low-Moisture Part-Skim Mozzarella String Cheese,gratche,pasta,12oz,"		$4.59/ea($6.12/lb)",4.59,ea(,6.12/lb),,
463,"Just FreshDirect Shredded Cheddar Cheese, Sharp","Just FreshDirect Shredded Cheddar Cheese, Sharp",gratche,pasta,8oz," 	$2.49/ea $2.99Any 2 Shredded Cheese for $4.00($4.98/lb)Mix'n'Match",2.49,ea ,2.99Any 2 Shredded Cheese for 4.00(4.98/lb)Mix'n'Match,4.00(,4.98/lb)Mix'n'Match
464,FreshDirect Local Grass-Fed Beef Chili,FreshDirect Local Grass-Fed Beef Chili,gratche,pasta,12oz,"		$4.99/ea($6.65/lb)",4.99,ea(,6.65/lb),,
465,Just FreshDirect Shredded Low-Moisture Part-Skim Mozzarella Cheese,Just FreshDirect Shredded Low-Moisture Part-Skim Mozzarella Cheese,gratche,pasta,8oz," 	$2.49/ea $2.99Any 2 Shredded Cheese for $4.00($4.98/lb)Mix'n'Match",2.49,ea ,2.99Any 2 Shredded Cheese for 4.00(4.98/lb)Mix'n'Match,4.00(,4.98/lb)Mix'n'Match
466,"Parmigiano-Reggiano, Aged 2 Years","Parmigiano-Reggiano, Aged 2 Years",gratche,pasta,34oz,"		$18.99/lb",18.99,lb,,,
467,Just FreshDirect Organic 100% Italian Extra-Virgin Olive Oil,Just FreshDirect Organic 100% Italian Extra-Virgin Olive Oil,gratche,pasta,34oz,"		$18.99/ea($8.92/pt)",18.99,ea(,8.92/pt),,
468,Andrew & Everett Fancy Shredded Mexican Mix (Cheddar and Monterey Jack),Andrew & Everett Fancy Shredded Mexican Mix (Cheddar and Monterey Jack),gratche,pasta,8oz,"		$4.79/ea($9.58/lb)",4.79,ea(,9.58/lb),,
469,Domestic Parmesan,Domestic Parmesan,gratche,pasta,33.8oz,"		$10.99/lb",10.99,lb,,,
471,Formaggio Fresh Salted Mozzarella,Formaggio Fresh Salted Mozzarella,gratche,pasta,33.8oz,"		$7.99/lb",7.99,lb,,,
473,"Mama Francesca Grated Parmesan Cheese, Imported","Mama Francesca Grated Parmesan Cheese, Imported",gratche,pasta,5oz,"		$3.99/ea($12.87/lb)",3.99,ea(,12.87/lb),,
474,Formaggio Ciliegini Mozzarella,Formaggio Ciliegini Mozzarella,gratche,pasta,NA,"		$8.19/lb",8.19,lb,,,
475,Marinated Turkish Sun-Dried Tomatoes,Marinated Turkish Sun-Dried Tomatoes,gratche,pasta,NA,"		$6.99/lb",6.99,lb,,,
476,"Just FreshDirect Shredded Cheddar Cheese, Mild","Just FreshDirect Shredded Cheddar Cheese, Mild",gratche,pasta,8oz," 	$2.49/ea $2.99Any 2 Shredded Cheese for $4.00($4.98/lb)Mix'n'Match",2.49,ea ,2.99Any 2 Shredded Cheese for 4.00(4.98/lb)Mix'n'Match,4.00(,4.98/lb)Mix'n'Match
477,Lioni Latticini Fresh Salted Mozzarella,Lioni Latticini Fresh Salted Mozzarella,gratche,pasta,each,"		$8.19/lb",8.19,lb,,,
479,"Mama Francesca Shredded Parmesan Cheese, Imported","Mama Francesca Shredded Parmesan Cheese, Imported",gratche,pasta,5oz,"		$3.99/ea($12.87/lb)",3.99,ea(,12.87/lb),,
480,Organic Valley Shredded Cheddar Cheese,Organic Valley Shredded Cheddar Cheese,gratche,pasta,6oz,"		$5.19/ea($13.66/lb)",5.19,ea(,13.66/lb),,
481,Organic Valley Shredded Italian Parmesan Cheese,Organic Valley Shredded Italian Parmesan Cheese,gratche,pasta,4oz,"		$4.79/ea($19.16/lb)",4.79,ea(,19.16/lb),,
482,Organic Valley Shredded Mozzarella Cheese,Organic Valley Shredded Mozzarella Cheese,gratche,pasta,6oz,"		$5.19/ea($13.66/lb)",5.19,ea(,13.66/lb),,
483,Crumbled Domestic Gorgonzola,Crumbled Domestic Gorgonzola,gratche,pasta,34oz,"		$7.99/lb",7.99,lb,,,
484,Just FreshDirect Extra-Virgin Olive Oil,Just FreshDirect Extra-Virgin Olive Oil,gratche,pasta,34oz,"		$11.99/ea($5.63/pt)",11.99,ea(,5.63/pt),,
485,Formaggio Fresh Unsalted Mozzarella,Formaggio Fresh Unsalted Mozzarella,gratche,pasta,33.8oz,"		$8.19/lb",8.19,lb,,,
487,Just FreshDirect Local Part Skim Ricotta Cheese,Just FreshDirect Local Part Skim Ricotta Cheese,gratche,pasta,16oz,"		$4.29/ea($4.29/lb)",4.29,ea(,4.29/lb),,
488,Barilla Oven-Ready Lasagne,Barilla Oven-Ready Lasagne,gratche,pasta,9oz," 	$2.09/ea $2.79Save 25%($3.73/lb)",2.09,ea ,2.79Save 25%(3.73/lb),3.73/lb),
489,Just FreshDirect Local Whole Milk Ricotta Cheese,Just FreshDirect Local Whole Milk Ricotta Cheese,gratche,pasta,16oz,"		$4.29/ea($4.29/lb)",4.29,ea(,4.29/lb),,
490,Just FreshDirect Sliced Low-Moisture Part-Skim Mozzarella Cheese,Just FreshDirect Sliced Low-Moisture Part-Skim Mozzarella Cheese,gratche,pasta,8oz,"		$3.59/ea($7.18/lb)",3.59,ea(,7.18/lb),,
491,Kraft Grated Parmesan Cheese,Kraft Grated Parmesan Cheese,gratche,pasta,8oz,"		$5.49/ea($10.98/pt)",5.49,ea(,10.98/pt),,
492,"Mama Francesca Grated Imported Premium Cheese — Parmesan, Pecorino Romano & Asiago","Mama Francesca Grated Imported Premium Cheese — Parmesan, Pecorino Romano & Asiago",gratche,pasta,5oz,"		$3.99/ea($12.87/lb)",3.99,ea(,12.87/lb),,
493,"Manchego Mitica, Twelve-Month-Aged","Manchego Mitica, Twelve-Month-Aged",gratche,pasta,400g,"		$16.99/lb",16.99,lb,,,
494,Mitica Natural Quince Paste,Mitica Natural Quince Paste,gratche,pasta,400g,"		$5.79/ea($8.77/lb)",5.79,ea(,8.77/lb),,
495,Organic Valley Mexican Blend Shredded Cheese,Organic Valley Mexican Blend Shredded Cheese,gratche,pasta,6oz,"		$5.19/ea($13.66/lb)",5.19,ea(,13.66/lb),,
496,Alouette Crumbled Goat Cheese,Alouette Crumbled Goat Cheese,gratche,pasta,3.5oz,"		$3.49/ea($15.86/lb)",3.49,ea(,15.86/lb),,
497,Alouette Natural Crumbled Blue Cheese,Alouette Natural Crumbled Blue Cheese,gratche,pasta,4oz,"		$3.49/ea($13.96/lb)",3.49,ea(,13.96/lb),,
498,"Andrew & Everett Fancy Shredded Italian Blend (Mozzarella, Provolone, Asiago, Parmesan, and Romano)","Andrew & Everett Fancy Shredded Italian Blend (Mozzarella, Provolone, Asiago, Parmesan, and Romano)",gratche,pasta,7oz,"		$4.79/ea($10.89/lb)",4.79,ea(,10.89/lb),,
499,Andrew & Everett Shredded Sharp Cheddar Cheese,Andrew & Everett Shredded Sharp Cheddar Cheese,gratche,pasta,8oz,"		$4.79/ea($9.58/lb)",4.79,ea(,9.58/lb),,
500,Friendship Farmer Cheese,Friendship Farmer Cheese,gratche,pasta,7.5oz,"		$2.99/ea($6.36/lb)",2.99,ea(,6.36/lb),,
501,Grana Padano,Grana Padano,gratche,pasta,34oz,"		$16.99/lb",16.99,lb,,,
503,Kraft Natural Fat-Free Shredded Mild Cheddar,Kraft Natural Fat-Free Shredded Mild Cheddar,gratche,pasta,7oz,"		$3.99/ea($9.07/lb)",3.99,ea(,9.07/lb),,
504,Kraft Natural Shredded Sharp Cheddar,Kraft Natural Shredded Sharp Cheddar,gratche,pasta,8oz,"		$3.99/ea($7.98/lb)",3.99,ea(,7.98/lb),,
505,Les Petites Fermieres Shredded Mozzarella Cheese,Les Petites Fermieres Shredded Mozzarella Cheese,gratche,pasta,8oz,"		$4.59/ea($9.18/lb)",4.59,ea(,9.18/lb),,
506,Locatelli Pecorino Romano,Locatelli Pecorino Romano,gratche,pasta,16oz,"		$15.99/lb",15.99,lb,,,
507,Ravello Fresh Spinach Fettuccine,Ravello Fresh Spinach Fettuccine,gratche,pasta,16oz,"		$3.39/ea($3.39/lb)",3.39,ea(,3.39/lb),,
508,"Mama Francesca Grated Pecorino Romano Cheese, Imported","Mama Francesca Grated Pecorino Romano Cheese, Imported",gratche,pasta,5oz,"		$3.99/ea($12.87/lb)",3.99,ea(,12.87/lb),,
509,"Pecorino Romano, Imported","Pecorino Romano, Imported",gratche,pasta,16oz,"		$13.99/lb",13.99,lb,,,
511,Polly-O Part-Skim Shredded Mozzarella Cheese,Polly-O Part-Skim Shredded Mozzarella Cheese,gratche,pasta,8oz,"		$4.49/ea($8.98/lb)",4.49,ea(,8.98/lb),,
512,Polly-O Whole Milk Mozzarella Cheese,Polly-O Whole Milk Mozzarella Cheese,gratche,pasta,16oz block,"		$5.99/ea($5.99/lb)",5.99,ea(,5.99/lb),,
513,Totem Foods Buffalo Mozzarella,Totem Foods Buffalo Mozzarella,gratche,pasta,8.8oz,"		$10.99/ea",10.99,ea,,,
514,Totem Foods Burrata Andriese,Totem Foods Burrata Andriese,gratche,pasta,8.8oz,"		$10.99/ea",10.99,ea,,,
515,Daiya Dairy Free Cheddar Style Shreds,Daiya Dairy Free Cheddar Style Shreds,gratche,pasta,8oz,"		$5.19/ea($10.38/lb)",5.19,ea(,10.38/lb),,
516,Daiya Dairy Free Mozzarella Style Shreds,Daiya Dairy Free Mozzarella Style Shreds,gratche,pasta,8oz,"		$5.19/ea($10.38/lb)",5.19,ea(,10.38/lb),,
517,Formaggio Marinated Fresh Mozzarella with Fresh Basil & Garlic,Formaggio Marinated Fresh Mozzarella with Fresh Basil & Garlic,gratche,pasta,12oz,"		$6.99/ea",6.99,ea,,,
518,Kraft Reduced Fat Grated Parmesan Style Cheese,Kraft Reduced Fat Grated Parmesan Style Cheese,gratche,pasta,8oz,"		$5.49/ea($10.98/pt)",5.49,ea(,10.98/pt),,
519,Les Petites Fermieres Sliced Mozzarella Cheese,Les Petites Fermieres Sliced Mozzarella Cheese,gratche,pasta,6oz,"		$3.99/ea($10.50/lb)",3.99,ea(,10.50/lb),,
520,Lioni Latticini Old Fashioned Whole Milk Ricotta,Lioni Latticini Old Fashioned Whole Milk Ricotta,gratche,pasta,24oz,"		$9.99/ea",9.99,ea,,,
521,Organic Valley Shredded Italian Four-Cheese Blend,Organic Valley Shredded Italian Four-Cheese Blend,gratche,pasta,6oz,"		$5.19/ea($13.66/lb)",5.19,ea(,13.66/lb),,
522,"Parmigiano - Reggiano, Organic ","Parmigiano - Reggiano, Organic ",gratche,pasta,NA,"		$23.99/lb",23.99,lb,,,
523,Parrano,Parrano,gratche,pasta,NA,"		$17.99/lb",17.99,lb,,,
524,Piave Vecchio,Piave Vecchio,gratche,pasta,NA,"		$15.99/lb",15.99,lb,,,
525,Polly-O Whole Milk Shredded Mozzarella Cheese,Polly-O Whole Milk Shredded Mozzarella Cheese,gratche,pasta,8oz,"		$4.49/ea($8.98/lb)",4.49,ea(,8.98/lb),,
526,Salvatore Bklyn Whole Milk Ricotta,Salvatore Bklyn Whole Milk Ricotta,gratche,pasta,8oz,"		$9.99/ea($19.98/lb)",9.99,ea(,19.98/lb),,
527,"Andrew & Everett Reduced Fat Mexican Mix, Shredded","Andrew & Everett Reduced Fat Mexican Mix, Shredded",gratche,pasta,8oz,"		$4.79/ea($9.58/lb)",4.79,ea(,9.58/lb),,
528,"Andrew & Everett Reduced Fat Mild Cheddar, Shredded","Andrew & Everett Reduced Fat Mild Cheddar, Shredded",gratche,pasta,7oz,"		$4.79/ea($10.89/lb)",4.79,ea(,10.89/lb),,
529,"Asiago Mezzano, Six-Month-Aged","Asiago Mezzano, Six-Month-Aged",gratche,pasta,NA,"		$13.99/lb",13.99,lb,,,
530,BelGioioso Mascarpone,BelGioioso Mascarpone,gratche,pasta,500g,"		$7.49/ea",7.49,ea,,,
531,"Italian Asiago, Twelve-Month-Aged","Italian Asiago, Twelve-Month-Aged",gratche,pasta,NA,"		$16.99/lb",16.99,lb,,,
532,Polenghi Mascarpone,Polenghi Mascarpone,gratche,pasta,500g (17.6oz),"		$9.49/ea",9.49,ea,,,
533,Schweizer Gold,Schweizer Gold,gratche,pasta,NA,"		$23.99/lb",23.99,lb,,,
534,Alouette Natural Crumbled Feta Cheese,Alouette Natural Crumbled Feta Cheese,gratche,pasta,4oz,"		$0.00/null($0.00/lb)",0,null(,0.00/lb),,
535,Vermont Creamery Mascarpone,Vermont Creamery Mascarpone,gratche,pasta,8oz,"		$0.00/null",0,null,,,
536,Bellwether Whole Jersey Milk Ricotta,Bellwether Whole Jersey Milk Ricotta,gratche,pasta,12oz," 	$0.00/null $9.99",0,null ,9.99,,
537,Coach Farm Extra-Aged Goat Cheese Grating Stick,Coach Farm Extra-Aged Goat Cheese Grating Stick,gratche,pasta,4oz," 	$0.00/null $6.99",0,null ,6.99,,
538,Vella Dry Jack,Vella Dry Jack,gratche,pasta,NA,"		$0.00/null",0,null,,,
539,"FreshDirect Grilled Thin-Crust Caramelized Onion Pizza w/ Figs, Walnuts & Feta Cheese, Frozen","FreshDirect Grilled Thin-Crust Caramelized Onion Pizza w/ Figs, Walnuts & Feta Cheese, Frozen",hmr_pizza,meals,"about 12""","		$8.49/ea",8.49,ea,,,
540,"FreshDirect Grilled Thin-Crust Sautéed Vidalia Onion, Gorgonzola & Bacon Pizza, Frozen","FreshDirect Grilled Thin-Crust Sautéed Vidalia Onion, Gorgonzola & Bacon Pizza, Frozen",hmr_pizza,meals,"about 12""","		$8.99/ea",8.99,ea,,,
541,"FreshDirect Grilled Thin-Crust Spinach & Artichoke Pizza, Frozen","FreshDirect Grilled Thin-Crust Spinach & Artichoke Pizza, Frozen",hmr_pizza,meals,"about 12""","		$8.99/ea",8.99,ea,,,
542,"FreshDirect Grilled Thin-Crust Sweet Italian Sausage & Pepperoni Pizza, Frozen","FreshDirect Grilled Thin-Crust Sweet Italian Sausage & Pepperoni Pizza, Frozen",hmr_pizza,meals,"about 12"" (4-6 slices)","		$8.49/ea",8.49,ea,,,
543,"FreshDirect Pizza Dough, Frozen","FreshDirect Pizza Dough, Frozen",hmr_pizza,meals,4pcs (9oz each),"		$8.99/ea($2.25/ct)",8.99,ea(,2.25/ct),,
544,"Just FreshDirect Thin-Crust Cheese Pizza, Frozen","Just FreshDirect Thin-Crust Cheese Pizza, Frozen",hmr_pizza,meals,"about 12"", 17.4oz","		$6.99/ea($6.41/lb)",6.99,ea(,6.41/lb),,
545,"Just FreshDirect Thin-Crust Pepperoni Pizza, Frozen","Just FreshDirect Thin-Crust Pepperoni Pizza, Frozen",hmr_pizza,meals,"about 12"", 16.8oz","		$6.99/ea($6.66/lb)",6.99,ea(,6.66/lb),,
546,"FreshDirect Grilled Thin-Crust Barbecue Chicken Pizza w/ Smoked Gouda Cheese, Frozen","FreshDirect Grilled Thin-Crust Barbecue Chicken Pizza w/ Smoked Gouda Cheese, Frozen",hmr_pizza,meals,"about 12"" (4-6 slices)","		$8.99/ea",8.99,ea,,,
547,"FreshDirect Grilled Thin-Crust Kalamata Olive Pizza, Frozen","FreshDirect Grilled Thin-Crust Kalamata Olive Pizza, Frozen",hmr_pizza,meals,"about 12"" (4-6 slices)","		$8.99/ea",8.99,ea,,,
548,"FreshDirect Grilled Thin-Crust Meatball Pizza w/ Mozzarella Cheese, Frozen","FreshDirect Grilled Thin-Crust Meatball Pizza w/ Mozzarella Cheese, Frozen",hmr_pizza,meals,"about 12""","		$8.99/ea",8.99,ea,,,
549,"FreshDirect Mozzarella Pizza w/ Whole-Wheat Crust (Made w/ Part-Skim Mozzarella), Frozen","FreshDirect Mozzarella Pizza w/ Whole-Wheat Crust (Made w/ Part-Skim Mozzarella), Frozen",hmr_pizza,meals,"about 12"" (4-6 slices)","		$8.99/ea",8.99,ea,,,
550,"FreshDirect Spinach Pizza w/ Whole-Wheat Crust (Made w/ Part-Skim Mozzarella), Frozen","FreshDirect Spinach Pizza w/ Whole-Wheat Crust (Made w/ Part-Skim Mozzarella), Frozen",hmr_pizza,meals,"about 12"" (4-6 slices)","		$8.99/ea",8.99,ea,,,
551,"FreshDirect Whole-Wheat Pizza Dough, Frozen","FreshDirect Whole-Wheat Pizza Dough, Frozen",hmr_pizza,meals,4pcs (8oz each),"		$8.99/ea",8.99,ea,,,
552,"Just FreshDirect Thin-Crust Cheese Personal Pizza 3-Pack, Frozen","Just FreshDirect Thin-Crust Cheese Personal Pizza 3-Pack, Frozen",hmr_pizza,meals,"about 6"", 5.8oz ea","		$11.99/ea($11.00/lb)",11.99,ea(,11.00/lb),,
553,"Just FreshDirect Thin-Crust Three-Cheese Pizza, Frozen","Just FreshDirect Thin-Crust Three-Cheese Pizza, Frozen",hmr_pizza,meals,"about 12"", 17.4oz","		$6.99/ea($6.41/lb)",6.99,ea(,6.41/lb),,
554,"FreshDirect Mozzarella Pizza w/ Whole-Wheat Crust (Made w/ Part-Skim Mozzarella) 3-Pack, Frozen","FreshDirect Mozzarella Pizza w/ Whole-Wheat Crust (Made w/ Part-Skim Mozzarella) 3-Pack, Frozen",hmr_pizza,meals,"3pk about 12"" ea","		$19.99/ea",19.99,ea,,,
555,"FreshDirect Portobello Pesto Pizza w/ Whole-Wheat Crust, Frozen","FreshDirect Portobello Pesto Pizza w/ Whole-Wheat Crust, Frozen",hmr_pizza,meals,"about 12"" (4-6 slices)","		$8.99/ea",8.99,ea,,,
556,"FreshDirect Vegetable Supreme Pizza w/ Whole-Wheat Crust, Frozen","FreshDirect Vegetable Supreme Pizza w/ Whole-Wheat Crust, Frozen",hmr_pizza,meals,"about 12"" (4-6 slices)","		$8.99/ea",8.99,ea,,,
557,"Just FreshDirect Thin-Crust Cheese Pizza 3-Pack, Frozen","Just FreshDirect Thin-Crust Cheese Pizza 3-Pack, Frozen",hmr_pizza,meals,"about 12"", 17.4oz ea","		$19.99/ea($18.34/lb)",19.99,ea(,18.34/lb),,
558,"Just FreshDirect Thin-Crust Fire-Roasted Peppers & Onion Pizza, Frozen","Just FreshDirect Thin-Crust Fire-Roasted Peppers & Onion Pizza, Frozen",hmr_pizza,meals,"about 12"", 18oz","		$6.99/ea($6.19/lb)",6.99,ea(,6.19/lb),,
559,"Just FreshDirect Thin-Crust Pepperoni Personal Pizza 3-Pack, Frozen","Just FreshDirect Thin-Crust Pepperoni Personal Pizza 3-Pack, Frozen",hmr_pizza,meals,"about 6"", 5.9oz ea","		$11.99/ea($11.00/lb)",11.99,ea(,11.00/lb),,
560,"Just FreshDirect Thin-Crust Pepperoni Pizza 3-Pack, Frozen","Just FreshDirect Thin-Crust Pepperoni Pizza 3-Pack, Frozen",hmr_pizza,meals,"about 12"", 16.8oz ea","		$19.99/ea($19.04/lb)",19.99,ea(,19.04/lb),,
561,"Chef One Potstickers, Thai Style Chicken Dumplings","Chef One Potstickers, Thai Style Chicken Dumplings",fro_new_products,shop,"14-16ct, 13oz","		$4.99/ea($6.14/lb)",4.99,ea(,6.14/lb),,
562,"Chef One Potstickers, Vegetable Dumplings","Chef One Potstickers, Vegetable Dumplings",fro_new_products,shop,"14-16ct, 13oz","		$4.99/ea($6.14/lb)",4.99,ea(,6.14/lb),,
563,"Good Humor King Cone, Vanilla","Good Humor King Cone, Vanilla",fro_new_products,shop,4ct,"		$5.99/ea($5.21/lb)",5.99,ea(,5.21/lb),,
564,Kellogg's Eggo Cinnamon Toast Mini Waffles,Kellogg's Eggo Cinnamon Toast Mini Waffles,fro_new_products,shop,40ct,"		$3.99/ea($0.40/ct)",3.99,ea(,0.40/ct),,
565,"Kellogg's Special K Flatbread Breakfast Sandwich, Sausage, Egg & Cheese","Kellogg's Special K Flatbread Breakfast Sandwich, Sausage, Egg & Cheese",fro_new_products,shop,4ct,"		$6.99/ea($1.75/ct)",6.99,ea(,1.75/ct),,
566,"Paleo Passion Pop, Apple Crisp with Flax Seeds","Paleo Passion Pop, Apple Crisp with Flax Seeds",fro_new_products,shop,"4ct, 2.75floz ea","		$5.99/ea",5.99,ea,,,
567,"Paleo Passion Pop, Strawberry Passion with Flax Seeds","Paleo Passion Pop, Strawberry Passion with Flax Seeds",fro_new_products,shop,"4ct, 2.75floz ea","		$5.99/ea",5.99,ea,,,
568,Popsicle Disney Frozen Ice Pops,Popsicle Disney Frozen Ice Pops,fro_new_products,shop,18ct,"		$5.99/ea($3.33/lb)",5.99,ea(,3.33/lb),,
569,Popsicle Firecracker Ice Pops,Popsicle Firecracker Ice Pops,fro_new_products,shop,18ct,"		$5.99/ea($3.33/lb)",5.99,ea(,3.33/lb),,
570,Bubba Burger Beef Burger with Bacon Cheddar Cheese,Bubba Burger Beef Burger with Bacon Cheddar Cheese,fro_new_products,shop,"6ct, 12oz","		$12.99/ea($2.16/ct)",12.99,ea(,2.16/ct),,
571,Bubba Burger Beef Burger with Sweet Onions,Bubba Burger Beef Burger with Sweet Onions,fro_new_products,shop,"6ct, 12oz","		$12.99/ea($2.89/lb)",12.99,ea(,2.89/lb),,
572,Bubba Burger Original Beef Burger,Bubba Burger Original Beef Burger,fro_new_products,shop,"12ct, 64oz","		$21.99/ea($1.83/ct)",21.99,ea(,1.83/ct),,
573,"Chloe's Soft Serve Fruit Co. Soft Serve Fruit Pop, Mango","Chloe's Soft Serve Fruit Co. Soft Serve Fruit Pop, Mango",fro_new_products,shop,"4ct, 2.5floz ea","		$4.99/ea",4.99,ea,,,
574,"Chloe's Soft Serve Fruit Co. Soft Serve Fruit Pop, Strawberry","Chloe's Soft Serve Fruit Co. Soft Serve Fruit Pop, Strawberry",fro_new_products,shop,"4ct, 2.5floz ea","		$4.99/ea",4.99,ea,,,
575,"Jelsert Fla-Vor-Ice Giant Freeze Pops, Fruity Variety Pack","Jelsert Fla-Vor-Ice Giant Freeze Pops, Fruity Variety Pack",fro_new_products,shop,100ct,"		$6.99/ea",6.99,ea,,,
576,"Jelsert Pop-Ice Freeze Pops, Variety Pack","Jelsert Pop-Ice Freeze Pops, Variety Pack",fro_new_products,shop,100ct,"		$5.49/ea",5.49,ea,,,
577,Kahiki Chicken Fried Rice,Kahiki Chicken Fried Rice,fro_new_products,shop,22oz,"		$7.49/ea($5.45/lb)",7.49,ea(,5.45/lb),,
578,Kahiki Chicken Lo Mein,Kahiki Chicken Lo Mein,fro_new_products,shop,22oz,"		$7.49/ea($5.45/lb)",7.49,ea(,5.45/lb),,
579,Kahiki General Tso's Tempura Chicken & Sauce,Kahiki General Tso's Tempura Chicken & Sauce,fro_new_products,shop,26oz,"		$7.49/ea($4.61/lb)",7.49,ea(,4.61/lb),,
580,Kahiki Stir Fresh Beef & Broccoli,Kahiki Stir Fresh Beef & Broccoli,fro_new_products,shop,22oz,"		$7.49/ea($5.45/lb)",7.49,ea(,5.45/lb),,
581,"Nestle Drumstick Cones, Classic Vanilla","Nestle Drumstick Cones, Classic Vanilla",fro_new_products,shop,4ct,"		$5.99/ea($1.50/ct)",5.99,ea(,1.50/ct),,
582,Orwashers Righteous Rye Boule,Orwashers Righteous Rye Boule,fro_new_products,shop,NA,"		$5.49/ea($6.78/lb)",5.49,ea(,6.78/lb),,
583,Orwashers Spelt Morning Pullman,Orwashers Spelt Morning Pullman,fro_new_products,shop,22oz,"		$3.99/ea($2.89/lb)",3.99,ea(,2.89/lb),,
584,FreshDirect Asian Salad,FreshDirect Asian Salad,deli_grnsalad,deli,9.8oz,"		$6.99/ea($11.46/lb)",6.99,ea(,11.46/lb),,
585,FreshDirect Caesar Salad w/ Chicken (Raised Without Antibiotics) & Dressing,FreshDirect Caesar Salad w/ Chicken (Raised Without Antibiotics) & Dressing,deli_grnsalad,deli,10.5oz,"		$6.99/ea($10.59/lb)",6.99,ea(,10.59/lb),,
586,FreshDirect Greek Salad,FreshDirect Greek Salad,deli_grnsalad,deli,11.0oz,"		$7.99/ea($11.58/lb)",7.99,ea(,11.58/lb),,
587,FreshDirect Southwest Chicken Salad (Chicken Raised w/o Antibiotics),FreshDirect Southwest Chicken Salad (Chicken Raised w/o Antibiotics),deli_grnsalad,deli,9.4oz,"		$6.99/ea($12.05/lb)",6.99,ea(,12.05/lb),,
588,FreshDirect Cobb Salad,FreshDirect Cobb Salad,deli_grnsalad,deli,10oz,"		$6.99/ea($11.10/lb)",6.99,ea(,11.10/lb),,
589,FreshDirect Garden Salad,FreshDirect Garden Salad,deli_grnsalad,deli,8.2 oz,"		$5.69/ea($11.16/lb)",5.69,ea(,11.16/lb),,
590,Sliced Rosemary Grilled Chicken Breast (Raised without Antibiotics),Sliced Rosemary Grilled Chicken Breast (Raised without Antibiotics),deli_grnsalad,deli,6oz,"		$4.49/eaSave! 2 for $8.00($11.82/lb)",4.49,eaSave! 2 for ,8.00(11.82/lb),11.82/lb),
591,FreshDirect Pistachio & Blue Cheese Salad,FreshDirect Pistachio & Blue Cheese Salad,deli_grnsalad,deli,6.7 oz,"		$5.99/ea($14.26/lb)",5.99,ea(,14.26/lb),,
592,FreshDirect Spinach Salad w/ Coach Farm Goat Cheese & Beets,FreshDirect Spinach Salad w/ Coach Farm Goat Cheese & Beets,deli_grnsalad,deli,8.4oz,"		$6.99/ea($13.19/lb)",6.99,ea(,13.19/lb),,
593,FreshDirect Caesar Salad w/ Dressing,FreshDirect Caesar Salad w/ Dressing,deli_grnsalad,deli,7.8oz,"		$5.69/ea($11.61/lb)",5.69,ea(,11.61/lb),,
594,FreshDirect Grilled Chicken Salad (Chicken Raised w/o Antibiotics),FreshDirect Grilled Chicken Salad (Chicken Raised w/o Antibiotics),deli_grnsalad,deli,9.6oz,"		$6.99/ea($11.65/lb)",6.99,ea(,11.65/lb),,
595,FreshDirect Mixed Green Salad w/ Black Quinoa,FreshDirect Mixed Green Salad w/ Black Quinoa,deli_grnsalad,deli,10.5oz,"		$5.99/ea($9.08/lb)",5.99,ea(,9.08/lb),,
596,FreshDirect Tuna Nicoise Salad,FreshDirect Tuna Nicoise Salad,deli_grnsalad,deli,12.6oz,"		$6.99/ea($8.85/lb)",6.99,ea(,8.85/lb),,
597,FreshDirect Mixed Green Salad with Brown Rice,FreshDirect Mixed Green Salad with Brown Rice,deli_grnsalad,deli,11.1oz,"		$5.99/ea($8.68/lb)",5.99,ea(,8.68/lb),,
598,FreshDirect Mixed Green Salad with Couscous,FreshDirect Mixed Green Salad with Couscous,deli_grnsalad,deli,11oz,"		$5.29/ea($7.67/lb)",5.29,ea(,7.67/lb),,
599,FreshDirect Steakhouse Salad (Made w/ Grass-Fed Steak),FreshDirect Steakhouse Salad (Made w/ Grass-Fed Steak),deli_grnsalad,deli,11oz,"		$7.99/ea($11.58/lb)",7.99,ea(,11.58/lb),,
600,"FreshDirect Arugula, Farro & Family Tree Farms Blueberry Salad","FreshDirect Arugula, Farro & Family Tree Farms Blueberry Salad",deli_grnsalad,deli,9.8oz,"		$7.99/ea($13.10/lb)",7.99,ea(,13.10/lb),,
601,FreshDirect Southwest Steak Salad (Made w/ Grass-Fed Steak),FreshDirect Southwest Steak Salad (Made w/ Grass-Fed Steak),deli_grnsalad,deli,9.5oz,"		$7.99/ea($13.54/lb)",7.99,ea(,13.54/lb),,
602,FreshDirect Grilled Sustainable Salmon Salad,FreshDirect Grilled Sustainable Salmon Salad,deli_grnsalad,deli,10.9 oz," 	$0.00/null $7.99($0.00/lb)",0,null ,7.99(0.00/lb),0.00/lb),
603,"Fruit Salad Bowl, Extra Large","Fruit Salad Bowl, Extra Large",deli_grnsalad,deli,"5lb, serves 10-12","		$35.00/ea",35,ea,,,
604,"Fruit Salad Bowl, Large","Fruit Salad Bowl, Large",deli_grnsalad,deli,"3lb, serves 6-8","		$21.99/ea",21.99,ea,,,
605,"Asian Salad Bowl, Extra Large","Asian Salad Bowl, Extra Large",deli_grnsalad,deli,"serves 10-12, approx. 3lbs","		$29.99/ea",29.99,ea,,,
606,"Asian Salad Bowl, Large","Asian Salad Bowl, Large",deli_grnsalad,deli,"serves 6-8, approx. 2lbs","		$27.00/ea",27,ea,,,
607,"Chef Salad Bowl, Extra Large","Chef Salad Bowl, Extra Large",deli_grnsalad,deli,approx. 3.5lbs,"		$44.00/ea",44,ea,,,
608,"Chef Salad Bowl, Large","Chef Salad Bowl, Large",deli_grnsalad,deli,approx. 2lbs,"		$35.00/ea",35,ea,,,
609,"Classic Caesar Salad Bowl, Extra Large","Classic Caesar Salad Bowl, Extra Large",deli_grnsalad,deli,"approx. 1.75lbs, serves 10-12","		$33.00/ea",33,ea,,,
610,"Classic Caesar Salad Bowl, Large","Classic Caesar Salad Bowl, Large",deli_grnsalad,deli,"1.25 lbs, serves 6-8","		$24.99/ea",24.99,ea,,,
611,"Classic Greek Salad Bowl, Extra Large","Classic Greek Salad Bowl, Extra Large",deli_grnsalad,deli,"approx. 4 lb, serves 10-12","		$35.00/ea",35,ea,,,
612,"Classic Greek Salad Bowl, Large","Classic Greek Salad Bowl, Large",deli_grnsalad,deli,"2.25 lbs, serves 6-8","		$29.99/ea",29.99,ea,,,
613,"Cobb Salad Bowl, Extra Large","Cobb Salad Bowl, Extra Large",deli_grnsalad,deli,"serves 10-12, approx. 3.8lbs","		$45.00/ea",45,ea,,,
614,"Cobb Salad Bowl, Large","Cobb Salad Bowl, Large",deli_grnsalad,deli,"serves 6-8, approx. 2.25lbs","		$35.00/ea",35,ea,,,
615,"Garden Salad Bowl, Extra Large","Garden Salad Bowl, Extra Large",deli_grnsalad,deli,"approx. 3.75lbs, serves 10-12","		$30.00/ea",30,ea,,,
616,"Garden Salad Bowl, Large","Garden Salad Bowl, Large",deli_grnsalad,deli,"approx. 1.7 lbs, serves 6-8","		$25.00/ea",25,ea,,,
617,"Grilled Chicken Caesar Salad Bowl, Extra Large","Grilled Chicken Caesar Salad Bowl, Extra Large",deli_grnsalad,deli,"2.90 lbs, serves 10-12","		$45.00/ea",45,ea,,,
618,"Grilled Chicken Caesar Salad Bowl, Large","Grilled Chicken Caesar Salad Bowl, Large",deli_grnsalad,deli,"about 2 lbs, serves 6-8","		$38.00/ea",38,ea,,,
619,"Southwest Chicken Salad Bowl, Extra Large","Southwest Chicken Salad Bowl, Extra Large",deli_grnsalad,deli,"approx. 3.3lbs, serves 10-12","		$39.99/ea($5.00/lb)",39.99,ea(,5.00/lb),,
620,"Southwest Chicken Salad Bowl, Large","Southwest Chicken Salad Bowl, Large",deli_grnsalad,deli,"2.3 lbs, serves 6-8","		$33.00/ea",33,ea,,,
621,"Boar's Head Yellow American Cheese, Sliced","Boar's Head Yellow American Cheese, Sliced",dlich,deli,NA," 	$5.99/lb $7.99Save 25%",5.99,lb ,7.99Save 25%,,
622,"FreshDirect White American Cheese, Sliced","FreshDirect White American Cheese, Sliced",dlich,deli,24oz,"		$6.49/lb",6.49,lb,,,
623,FreshDirect Frozen Sliced Whole Wheat Pullman Loaf,FreshDirect Frozen Sliced Whole Wheat Pullman Loaf,dlich,deli,24oz,"		$4.69/ea($3.13/lb)",4.69,ea(,3.13/lb),,
624,FreshDirect Muenster Cheese,FreshDirect Muenster Cheese,dlich,deli,24oz,"		$7.49/lb",7.49,lb,,,
626,"FreshDirect Yellow American Cheese, Sliced","FreshDirect Yellow American Cheese, Sliced",dlich,deli,24oz,"		$6.49/lb",6.49,lb,,,
627,FreshDirect Frozen Sliced White Pullman Loaf,FreshDirect Frozen Sliced White Pullman Loaf,dlich,deli,24oz,"		$4.69/ea($3.13/lb)",4.69,ea(,3.13/lb),,
628,"Boar's Head Black Wax Cheddar Cheese, Sliced","Boar's Head Black Wax Cheddar Cheese, Sliced",dlich,deli,NA,"		$11.99/lb",11.99,lb,,,
629,"FreshDirect Domestic Swiss Cheese, Sliced","FreshDirect Domestic Swiss Cheese, Sliced",dlich,deli,NA,"		$7.99/lb",7.99,lb,,,
631,FreshDirect Pepper Jack Cheese,FreshDirect Pepper Jack Cheese,dlich,deli,NA,"		$6.99/lb",6.99,lb,,,
632,FreshDirect Premium Lite Smoked Honey Turkey,FreshDirect Premium Lite Smoked Honey Turkey,dlich,deli,NA,"		$10.99/lb",10.99,lb,,,
633,"FreshDirect Provolone Cheese, Sliced","FreshDirect Provolone Cheese, Sliced",dlich,deli,NA,"		$6.99/lb",6.99,lb,,,
634,"Hebrew National Beef Salami, Sliced","Hebrew National Beef Salami, Sliced",dlich,deli,NA,"		$14.99/lb",14.99,lb,,,
635,FreshDirect Yellow Aged Cheddar Cheese,FreshDirect Yellow Aged Cheddar Cheese,dlich,deli,NA,"		$8.99/lb",8.99,lb,,,
636,"Adams Reserve  New York Extra Sharp Cheddar Cheese, Naturally Aged Over 12 Months","Adams Reserve  New York Extra Sharp Cheddar Cheese, Naturally Aged Over 12 Months",dlich,deli,24oz,"		$9.99/lb",9.99,lb,,,
638,"Boar's Head Lacey Swiss Cheese, Sliced","Boar's Head Lacey Swiss Cheese, Sliced",dlich,deli,NA,"		$11.99/lb",11.99,lb,,,
639,"Boar's Head Muenster Cheese, Sliced","Boar's Head Muenster Cheese, Sliced",dlich,deli,NA,"		$8.99/lb",8.99,lb,,,
640,"Finlandia Heavenly Light Swiss, Sliced","Finlandia Heavenly Light Swiss, Sliced",dlich,deli,NA,"		$7.99/lb",7.99,lb,,,
642,"Finlandia Swiss, Sliced","Finlandia Swiss, Sliced",dlich,deli,NA,"		$7.99/lb",7.99,lb,,,
643,FreshDirect Low Sodium & Reduced Fat Imported Lacey Swiss Cheese,FreshDirect Low Sodium & Reduced Fat Imported Lacey Swiss Cheese,dlich,deli,NA,"		$9.99/lb",9.99,lb,,,
644,"Jarlsberg Cheese, Sliced","Jarlsberg Cheese, Sliced",dlich,deli,NA,"		$11.99/lb",11.99,lb,,,
645,"FreshDirect All-Natural Hickory Smoked Turkey Breast, Raised Without Antibiotics","FreshDirect All-Natural Hickory Smoked Turkey Breast, Raised Without Antibiotics",dlich,deli,NA,"		$11.99/lb",11.99,lb,,,
646,"Boar's Head Colby Jack Cheese, Sliced","Boar's Head Colby Jack Cheese, Sliced",dlich,deli,NA,"		$9.99/lb",9.99,lb,,,
647,"Boar's Head Lower Sodium Muenster, Sliced","Boar's Head Lower Sodium Muenster, Sliced",dlich,deli,NA,"		$8.99/lb",8.99,lb,,,
648,"Boar's Head Lower Sodium Provolone, Sliced","Boar's Head Lower Sodium Provolone, Sliced",dlich,deli,NA,"		$8.99/lb",8.99,lb,,,
649,"Emmi Swiss Gruyère Cheese, Sliced","Emmi Swiss Gruyère Cheese, Sliced",dlich,deli,NA,"		$18.99/lb",18.99,lb,,,
650,"FreshDirect Light Havarti Cheese, Sliced","FreshDirect Light Havarti Cheese, Sliced",dlich,deli,NA,"		$13.99/lb",13.99,lb,,,
651,"FreshDirect Monterey Jack Cheese, Sliced","FreshDirect Monterey Jack Cheese, Sliced",dlich,deli,NA,"		$7.49/lb",7.49,lb,,,
652,"Grafton Village Cheese Company Young (9-12 Months Aged) Cheddar, Sliced","Grafton Village Cheese Company Young (9-12 Months Aged) Cheddar, Sliced",dlich,deli,NA,"		$9.99/lb",9.99,lb,,,
653,"Jarlsberg Lite Cheese, Sliced","Jarlsberg Lite Cheese, Sliced",dlich,deli,NA,"		$11.99/lb",11.99,lb,,,
654,Pitted Kalamata Olives,Pitted Kalamata Olives,dlich,deli,NA,"		$8.99/lb",8.99,lb,,,
655,Applegate Naturals Sliced Medium Cheddar Cheese,Applegate Naturals Sliced Medium Cheddar Cheese,dlich,deli,NA,"		$9.99/lb",9.99,lb,,,
656,Applegate Naturals Sliced White American Cheese,Applegate Naturals Sliced White American Cheese,dlich,deli,NA,"		$8.99/lb",8.99,lb,,,
657,Boar's Head 3 Pepper Colby Jack Cheese,Boar's Head 3 Pepper Colby Jack Cheese,dlich,deli,NA,"		$11.99/lb",11.99,lb,,,
658,Boar's Head All Natural Picante Sharp Provolone Cheese,Boar's Head All Natural Picante Sharp Provolone Cheese,dlich,deli,NA,"		$10.99/lb",10.99,lb,,,
659,"Boar's Head Colby Longhorn Cheese, Sliced","Boar's Head Colby Longhorn Cheese, Sliced",dlich,deli,NA,"		$9.99/lb",9.99,lb,,,
660,Boar's Head Gold Label Imported Swiss Cheese,Boar's Head Gold Label Imported Swiss Cheese,dlich,deli,NA,"		$11.99/lb",11.99,lb,,,
661,Boar's Head Savory Chipotle Gouda Cheese,Boar's Head Savory Chipotle Gouda Cheese,dlich,deli,NA,"		$11.99/lb",11.99,lb,,,
662,"Emmi Emmental Swiss Cheese, Rind-On, Sliced","Emmi Emmental Swiss Cheese, Rind-On, Sliced",dlich,deli,NA,"		$14.99/lb",14.99,lb,,,
663,Finlandia All-Natural Pepper Jack Cheese,Finlandia All-Natural Pepper Jack Cheese,dlich,deli,NA,"		$8.99/lb",8.99,lb,,,
664,Finlandia Provolone Cheese,Finlandia Provolone Cheese,dlich,deli,NA,"		$7.99/lb",7.99,lb,,,
665,FreshDirect Jalapeño Muenster Cheese,FreshDirect Jalapeño Muenster Cheese,dlich,deli,NA,"		$8.99/lb",8.99,lb,,,
666,"Grafton Village Cheese Company Maple Smoked Cheddar, Sliced","Grafton Village Cheese Company Maple Smoked Cheddar, Sliced",dlich,deli,NA,"		$11.99/lb",11.99,lb,,,
667,Applegate Farms Emmental Swiss Cheese,Applegate Farms Emmental Swiss Cheese,dlich,deli,NA,"		$13.99/lb",13.99,lb,,,
668,Applegate Naturals Sliced Provolone Cheese,Applegate Naturals Sliced Provolone Cheese,dlich,deli,NA,"		$8.99/lb",8.99,lb,,,
669,"FreshDirect Low Fat Mozzarella Cheese, Sliced","FreshDirect Low Fat Mozzarella Cheese, Sliced",dlich,deli,NA,"		$0.00/null",0,null,,,
670,FreshDirect Maple Roasted Turkey,FreshDirect Maple Roasted Turkey,dlich,deli,NA,"		$10.99/lb",10.99,lb,,,
671,"FreshDirect Mozzarella Cheese, Sliced","FreshDirect Mozzarella Cheese, Sliced",dlich,deli,NA,"		$0.00/null",0,null,,,
672,FreshDirect Creamy Blue Cheese Dip,FreshDirect Creamy Blue Cheese Dip,dai_condi,dairy,pint (16oz),"		$4.99/pint($4.99/lb)",4.99,pint(,4.99/lb),,
673,Cindy's Kitchen All Natural Honey Dijon Vinaigrette Dressing & Marinade,Cindy's Kitchen All Natural Honey Dijon Vinaigrette Dressing & Marinade,dai_condi,dairy,16oz,"		$5.69/ea($5.69/lb)",5.69,ea(,5.69/lb),,
674,Cindy's Kitchen All Natural Real Bleu Cheese Dressing & Dip,Cindy's Kitchen All Natural Real Bleu Cheese Dressing & Dip,dai_condi,dairy,16oz,"		$5.69/ea($5.69/lb)",5.69,ea(,5.69/lb),,
675,Cindy's Kitchen All Natural Roasted Garlic Caesar Dressing & Dip,Cindy's Kitchen All Natural Roasted Garlic Caesar Dressing & Dip,dai_condi,dairy,16oz,"		$5.69/ea($5.69/lb)",5.69,ea(,5.69/lb),,
676,Ba-Tampte Half-Sour Pickles,Ba-Tampte Half-Sour Pickles,dai_condi,dairy,32oz,"		$3.99/ea($2.00/lb)",3.99,ea(,2.00/lb),,
677,Fresh Sauerkraut,Fresh Sauerkraut,dai_condi,dairy,NA,"		$2.99/lb",2.99,lb,,,
678,Claussen Kosher Dill Sandwich Slices,Claussen Kosher Dill Sandwich Slices,dai_condi,dairy,20oz,"		$3.99/ea($3.19/lb)",3.99,ea(,3.19/lb),,
679,Claussen Kosher Dill Spears,Claussen Kosher Dill Spears,dai_condi,dairy,24oz,"		$3.99/ea($2.66/lb)",3.99,ea(,2.66/lb),,
680,Claussen Kosher Dill Wholes,Claussen Kosher Dill Wholes,dai_condi,dairy,32oz,"		$3.99/ea($2.00/lb)",3.99,ea(,2.00/lb),,
681,Kim Chee Pride Korean-Style Pickled Vegetables,Kim Chee Pride Korean-Style Pickled Vegetables,dai_condi,dairy,16oz,"		$3.69/ea($3.69/lb)",3.69,ea(,3.69/lb),,
682,"Mrs Kim's Kimchi Napa Cabbage Kimchi, Original","Mrs Kim's Kimchi Napa Cabbage Kimchi, Original",dai_condi,dairy,15oz,"		$9.99/ea($10.63/lb)",9.99,ea(,10.63/lb),,
683,Roland Hot Sliced Jalapeño Peppers,Roland Hot Sliced Jalapeño Peppers,dai_condi,dairy,11.5oz," 	$1.79/ea $1.99Save 10%($2.49/lb)",1.79,ea ,1.99Save 10%(2.49/lb),2.49/lb),
684,Vlasic Kosher Dill Pickle Spears,Vlasic Kosher Dill Pickle Spears,dai_condi,dairy,24oz,"		$3.49/ea($2.33/pt)",3.49,ea(,2.33/pt),,
685,B & G Kosher Dill Sandwich Toppers,B & G Kosher Dill Sandwich Toppers,dai_condi,dairy,16oz,"		$3.49/ea($3.49/pt)",3.49,ea(,3.49/pt),,
686,Ba-Tampte Bread & Butter Pickles,Ba-Tampte Bread & Butter Pickles,dai_condi,dairy,32oz,"		$3.99/ea($2.00/lb)",3.99,ea(,2.00/lb),,
687,Ba-Tampte Deli Spears Pickles,Ba-Tampte Deli Spears Pickles,dai_condi,dairy,32oz,"		$3.99/ea($2.00/lb)",3.99,ea(,2.00/lb),,
688,Ba-Tampte Garlic Dill Pickles,Ba-Tampte Garlic Dill Pickles,dai_condi,dairy,32oz,"		$3.99/ea($2.00/lb)",3.99,ea(,2.00/lb),,
689,Maille Cornichons,Maille Cornichons,dai_condi,dairy,14oz,"		$4.49/ea($5.10/pt)",4.49,ea(,5.10/pt),,
690,McClure's Pickles Garlic & Dill Spears,McClure's Pickles Garlic & Dill Spears,dai_condi,dairy,32oz,"		$7.99/ea($4.00/pt)",7.99,ea(,4.00/pt),,
691,McClure's Pickles Spicy Spears,McClure's Pickles Spicy Spears,dai_condi,dairy,32oz,"		$7.99/ea($4.00/pt)",7.99,ea(,4.00/pt),,
692,Roland Golden Pepperoncini,Roland Golden Pepperoncini,dai_condi,dairy,11.5oz," 	$1.89/ea $2.19Save 12%($2.62/lb)",1.89,ea ,2.19Save 12%(2.62/lb),2.62/lb),
693,Vlasic Bread & Butter Chips (No Sugar Added),Vlasic Bread & Butter Chips (No Sugar Added),dai_condi,dairy,16oz,"		$3.49/ea($3.49/pt)",3.49,ea(,3.49/pt),,
694,McClure's Pickles Garlic & Dill Spears,McClure's Pickles Garlic & Dill Spears,dai_condi,dairy,NA,"		$3.99/lb",3.99,lb,,,
695,McClure's Pickles Spicy Spears,McClure's Pickles Spicy Spears,dai_condi,dairy,NA,"		$3.99/lb",3.99,lb,,,
696,Rick's Picks Classic Sours Deli-Style Pickle Spears,Rick's Picks Classic Sours Deli-Style Pickle Spears,dai_condi,dairy,24oz,"		$6.99/ea($4.66/pt)",6.99,ea(,4.66/pt),,
697,Rick's Picks Hotties Spicy Sriracha Pickle Chips,Rick's Picks Hotties Spicy Sriracha Pickle Chips,dai_condi,dairy,24oz,"		$6.99/ea($4.66/pt)",6.99,ea(,4.66/pt),,
698,Rick's Picks The People's Pickle,Rick's Picks The People's Pickle,dai_condi,dairy,24oz,"		$6.99/ea($4.66/pt)",6.99,ea(,4.66/pt),,
699,B & G Sliced Jalapeno Peppers,B & G Sliced Jalapeno Peppers,dai_condi,dairy,12oz,"		$0.00/null($0.00/lb)",0,null(,0.00/lb),,
700,La Squisita Roasted Peppers,La Squisita Roasted Peppers,dai_condi,dairy,12oz,"		$0.00/null($0.00/lb)",0,null(,0.00/lb),,
701,Maya Kaimal Indian Coconut Curry Simmer Sauce,Maya Kaimal Indian Coconut Curry Simmer Sauce,dai_condi,dairy,15oz,"		$6.59/ea($7.01/lb)",6.59,ea(,7.01/lb),,
702,Maya Kaimal Indian Tikka Masala Simmer Sauce,Maya Kaimal Indian Tikka Masala Simmer Sauce,dai_condi,dairy,15oz,"		$6.59/ea($7.01/lb)",6.59,ea(,7.01/lb),,
703,Maya Kaimal Indian Classic Korma Simmer Sauce,Maya Kaimal Indian Classic Korma Simmer Sauce,dai_condi,dairy,15oz,"		$6.59/ea($7.01/lb)",6.59,ea(,7.01/lb),,
704,Maya Kaimal Indian Vindaloo Simmer Sauce,Maya Kaimal Indian Vindaloo Simmer Sauce,dai_condi,dairy,15oz,"		$6.59/ea($7.01/lb)",6.59,ea(,7.01/lb),,
705,"Maya Kaimal Indian Simmer Sauce, Spinach Saag, Medium","Maya Kaimal Indian Simmer Sauce, Spinach Saag, Medium",dai_condi,dairy,15oz,"		$6.59/ea($7.01/lb)",6.59,ea(,7.01/lb),,
706,Gold's Horseradish,Gold's Horseradish,dai_condi,dairy,6oz,"		$1.99/ea($5.24/lb)",1.99,ea(,5.24/lb),,
707,Annie's Naturals Organic Horseradish Mustard,Annie's Naturals Organic Horseradish Mustard,dai_condi,dairy,9oz,"		$3.99/ea($7.12/pt)",3.99,ea(,7.12/pt),,
708,Gold's Horseradish with Beets,Gold's Horseradish with Beets,dai_condi,dairy,6oz,"		$2.09/ea($5.50/lb)",2.09,ea(,5.50/lb),,
709,Boar's Head Pub Style Horseradish,Boar's Head Pub Style Horseradish,dai_condi,dairy,9.5oz,"		$4.49/ea($7.61/lb)",4.49,ea(,7.61/lb),,
710,Gold's Mild Horseradish Sauce,Gold's Mild Horseradish Sauce,dai_condi,dairy,10oz,"		$2.39/ea($3.79/pt)",2.39,ea(,3.79/pt),,
711,S & B Prepared Wasabi,S & B Prepared Wasabi,dai_condi,dairy,1.52oz,"		$2.49/ea($24.90/pt)",2.49,ea(,24.90/pt),,
712,Golden Pineapple,Golden Pineapple,trp,fruit,NA," 	$3.49/ea $4.99Save! 2 for $5.00",3.49,ea ,4.99Save! 2 for 5,5,
713,Tommy Atkins Mango,Tommy Atkins Mango,trp,fruit,NA,"		$2.49/eaSave! 2 for $4.00",2.49,eaSave! 2 for ,4,,
714,Kiwifruit,Kiwifruit,trp,fruit,NA,"		$0.69/eaSave! 4 for $2.00",0.69,eaSave! 4 for ,2,,
715,Organic Kiwifruit,Organic Kiwifruit,trp,fruit,NA,"		$0.99/ea",0.99,ea,,,
716,Red Papaya,Red Papaya,trp,fruit,NA," 	$3.99/ea $4.99Save! 2 for $7.00",3.99,ea ,4.99Save! 2 for 7,7,
717,Pomegranates,Pomegranates,trp,fruit,NA,"		$4.99/eaSave! 2 for $9.00",4.99,eaSave! 2 for ,9,,
718,Savani Farms Royal Indian Saffron Mango,Savani Farms Royal Indian Saffron Mango,trp,fruit,NA," 	$2.49/ea $3.99Save! 2 for $4.00",2.49,ea ,3.99Save! 2 for 4,4,
719,Zespri SunGold Kiwifruit,Zespri SunGold Kiwifruit,trp,fruit,NA,"		$0.79/eaSave! 4 for $3.00",0.79,eaSave! 4 for ,3,,
720,Hawaiian Kapoho Papaya,Hawaiian Kapoho Papaya,trp,fruit,NA," 	$2.99/ea $5.99Save! 2 for $5.00",2.99,ea ,5.99Save! 2 for 5,5,
721,Fuyu Persimmons,Fuyu Persimmons,trp,fruit,NA," 	$1.99/ea $2.99Save! 4 for $6.00",1.99,ea ,2.99Save! 4 for 6,6,
722,Dragon Fruit,Dragon Fruit,trp,fruit,NA," 	$4.99/ea $9.99Save 50%",4.99,ea ,9.99Save 50%,,
723,Lychee Fruit,Lychee Fruit,trp,fruit,6oz,"		$5.99/pkgSave! 2 for $10.00",5.99,pkgSave! 2 for ,10,,
724,Fresh Black Mission Figs,Fresh Black Mission Figs,trp,fruit,NA,"		$5.99/pkg",5.99,pkg,,,
725,Passion Fruit,Passion Fruit,trp,fruit,NA,"		$3.49/eaSave! 2 for $6.00",3.49,eaSave! 2 for ,6,,
726,Prickly Pear,Prickly Pear,trp,fruit,NA,"		$1.49/eaSave! 3 for $3.00",1.49,eaSave! 3 for ,3,,
727,Young Coconut,Young Coconut,trp,fruit,NA," 	$3.79/ea $3.99Save! 2 for $5.50",3.79,ea ,3.99Save! 2 for 5.5,5.5,
728,Coconut,Coconut,trp,fruit,NA," 	$1.79/ea $1.99Save! 2 for $3.00",1.79,ea ,1.99Save! 2 for 3,3,
729,Shanley Farms Citriburst Finger Limes,Shanley Farms Citriburst Finger Limes,trp,fruit,Approx. 1.5oz per pack,"		$5.99/ea",5.99,ea,,,
730,Zespri SunGold Kiwifruit,Zespri SunGold Kiwifruit,trp,fruit,1lb,"		$5.99/ea",5.99,ea,,,
731,Guavas,Guavas,trp,fruit,NA,"		$2.49/eaSave! 2 for $4.00",2.49,eaSave! 2 for ,4,,
732,Rhubarb,Rhubarb,trp,fruit,NA,"		$0.00/null",0,null,,,
733,Fresh Pineapple Chunks,Fresh Pineapple Chunks,trp,fruit,8oz,"		$2.99/ea",2.99,ea,,,
734,Fresh Cubed Mango,Fresh Cubed Mango,trp,fruit,8oz,"		$3.99/ea",3.99,ea,,,
735,Fage TOTAL 0% Greek Yogurt with Mango Guanabana,Fage TOTAL 0% Greek Yogurt with Mango Guanabana,trp,fruit,5.3oz,"		$1.69/ea($5.12/lb)",1.69,ea(,5.12/lb),,
736,Fresh Mango Spears,Fresh Mango Spears,trp,fruit,8oz,"		$3.99/eaAny 2 $3.99 cut fruit for $7.00Mix'n'Match",3.99,eaAny 2 ,3.99 cut fruit for 7.00Mix'n'Match,7.00Mix'n'Match,
737,Fresh Kiwi Mango Strawberry Medley,Fresh Kiwi Mango Strawberry Medley,trp,fruit,8oz,"		$4.99/eaAny 2 Save on Cut Fruit! for $9.00Mix'n'Match",4.99,eaAny 2 Save on Cut Fruit! for ,9.00Mix'n'Match,,
738,Fresh Pineapple Blueberry Medley,Fresh Pineapple Blueberry Medley,trp,fruit,8oz,"		$3.99/eaAny 2 $3.99 cut fruit for $7.00Mix'n'Match",3.99,eaAny 2 ,3.99 cut fruit for 7.00Mix'n'Match,7.00Mix'n'Match,
739,Fresh Pineapple Chunks,Fresh Pineapple Chunks,trp,fruit,2lb,"		$7.99/ea",7.99,ea,,,
740,Fresh Cored Pineapple,Fresh Cored Pineapple,trp,fruit,22oz,"		$5.99/ea",5.99,ea,,,
741,Fresh Cubed Organic Mango,Fresh Cubed Organic Mango,trp,fruit,8oz,"		$4.99/eaAny 2 $4.99 cut fruit for $9.00Mix'n'Match",4.99,eaAny 2 ,4.99 cut fruit for 9.00Mix'n'Match,9.00Mix'n'Match,
742,Organic Fresh Pineapple Chunks,Organic Fresh Pineapple Chunks,trp,fruit,8oz,"		$4.99/eaAny 2 $4.99 cut fruit for $9.00Mix'n'Match",4.99,eaAny 2 ,4.99 cut fruit for 9.00Mix'n'Match,9.00Mix'n'Match,
743,"Tommy Atkins Mangoes, Case","Tommy Atkins Mangoes, Case",trp,fruit,8-12ct,"		$12.99/ea",12.99,ea,,,
744,"Fresh Pineapple Blueberry Medley, Case","Fresh Pineapple Blueberry Medley, Case",trp,fruit,"18ct, 8oz ea","		$79.99/cs",79.99,cs,,,
745,"Fresh Pineapple Chunks, Case","Fresh Pineapple Chunks, Case",trp,fruit,"18ct, 8oz ea","		$50.99/cs",50.99,cs,,,
746,Amy's Cheese Pizza Snacks,Amy's Cheese Pizza Snacks,fro_appet,frozen,6oz,"		$4.29/ea($11.29/lb)",4.29,ea(,11.29/lb),,
747,"Applegate Farms Chicken Nuggets, No Antibiotics Used (Fully Cooked)","Applegate Farms Chicken Nuggets, No Antibiotics Used (Fully Cooked)",fro_appet,frozen,8oz (appx. 18pcs),"		$6.89/ea($13.78/lb)",6.89,ea(,13.78/lb),,
748,Bagel Bites Three Cheese Bagel Pizzas,Bagel Bites Three Cheese Bagel Pizzas,fro_appet,frozen,9pc (7oz),"		$3.49/ea($7.93/lb)",3.49,ea(,7.93/lb),,
749,"Beef Franks in Blankets, Frozen","Beef Franks in Blankets, Frozen",fro_appet,frozen,(16-20 pc),"		$9.99/12pcs($0.83/ct)",9.99,12pcs(,0.83/ct),,
750,Poached Colossal Shrimp ,Poached Colossal Shrimp ,fro_appet,frozen,(16-20 pc),"		$27.99/16oz($27.99/lb)",27.99,16oz(,27.99/lb),,
751,"FreshDirect Crispy Chicken Fingers Family Pack, Frozen","FreshDirect Crispy Chicken Fingers Family Pack, Frozen",fro_appet,frozen,(2lb),"		$15.99/10pcs($8.00/lb)",15.99,10pcs(,8.00/lb),,
752,Kidfresh All Natural Super Duper Chicken Nuggets,Kidfresh All Natural Super Duper Chicken Nuggets,fro_appet,frozen,6.7oz,"		$3.99/ea($9.50/lb)",3.99,ea(,9.50/lb),,
753,Perdue Whole Grain Chicken Breast Nuggets (Fully Cooked),Perdue Whole Grain Chicken Breast Nuggets (Fully Cooked),fro_appet,frozen,29oz,"		$6.99/ea($3.86/lb)",6.99,ea(,3.86/lb),,
754,"Alexia Mozzarella Stix, Italian Herb & Olive Oil","Alexia Mozzarella Stix, Italian Herb & Olive Oil",fro_appet,frozen,8oz,"		$4.19/ea($8.38/lb)",4.19,ea(,8.38/lb),,
755,"Applegate Farms Gluten-Free Chicken Nuggets, No Antibiotics Used (Fully Cooked)","Applegate Farms Gluten-Free Chicken Nuggets, No Antibiotics Used (Fully Cooked)",fro_appet,frozen,8oz,"		$6.89/ea($13.78/lb)",6.89,ea(,13.78/lb),,
756,Applegate Farms Organic Chicken Strips (Fully Cooked),Applegate Farms Organic Chicken Strips (Fully Cooked),fro_appet,frozen,8oz,"		$7.99/ea($15.98/lb)",7.99,ea(,15.98/lb),,
757,Bagel Bites Cheese & Pepperoni Bagel Pizzas,Bagel Bites Cheese & Pepperoni Bagel Pizzas,fro_appet,frozen,9pc (7oz),"		$3.49/ea($7.93/lb)",3.49,ea(,7.93/lb),,
758,"Crostini with Onion-Rosemary Marmalade & Goat Cheese, Frozen","Crostini with Onion-Rosemary Marmalade & Goat Cheese, Frozen",fro_appet,frozen,NA,"		$9.99/12pcs",9.99,12pcs,,,
759,Dr. Praeger's Homestyle Spinach Pancakes,Dr. Praeger's Homestyle Spinach Pancakes,fro_appet,frozen,12oz," 	$4.09/ea $4.79Any 2 Varieties for $7.00($5.45/lb)Mix'n'Match",4.09,ea ,4.79Any 2 Varieties for 7.00(5.45/lb)Mix'n'Match,7.00(,5.45/lb)Mix'n'Match
760,Dr. Praeger's Kids All-Natural Broccoli Littles,Dr. Praeger's Kids All-Natural Broccoli Littles,fro_appet,frozen,12oz," 	$4.29/ea $4.99Any 2 Varieties for $7.00($5.72/lb)Mix'n'Match",4.29,ea ,4.99Any 2 Varieties for 7.00(5.72/lb)Mix'n'Match,7.00(,5.72/lb)Mix'n'Match
761,Dr. Praeger's Kids All-Natural Spinach Littles,Dr. Praeger's Kids All-Natural Spinach Littles,fro_appet,frozen,12oz," 	$4.29/ea $4.99Any 2 Varieties for $7.00($5.72/lb)Mix'n'Match",4.29,ea ,4.99Any 2 Varieties for 7.00(5.72/lb)Mix'n'Match,7.00(,5.72/lb)Mix'n'Match
762,Dr. Praeger's Sweet Potato Pancakes,Dr. Praeger's Sweet Potato Pancakes,fro_appet,frozen,"6ct, 12oz"," 	$4.09/ea $4.79Any 2 Varieties for $7.00($5.45/lb)Mix'n'Match",4.09,ea ,4.79Any 2 Varieties for 7.00(5.45/lb)Mix'n'Match,7.00(,5.45/lb)Mix'n'Match
763,"Mini Santa Fe Empanadas, Frozen","Mini Santa Fe Empanadas, Frozen",fro_appet,frozen,NA,"		$9.99/12pcs",9.99,12pcs,,,
764,"Spanakopita Triangles, Frozen","Spanakopita Triangles, Frozen",fro_appet,frozen,NA,"		$9.99/12pcs",9.99,12pcs,,,
765,Superpretzel Soft Pretzels,Superpretzel Soft Pretzels,fro_appet,frozen,6pc (13oz),"		$3.79/ea($4.68/lb)",3.79,ea(,4.68/lb),,
766,Amy's Cheese Pizza Pocket Sandwich,Amy's Cheese Pizza Pocket Sandwich,fro_appet,frozen,4.5oz,"		$2.79/eaSave! 2 for $5.00($9.96/lb)",2.79,eaSave! 2 for ,5.00(9.96/lb),9.96/lb),
767,Amy's Nacho Cheese & Bean Snacks,Amy's Nacho Cheese & Bean Snacks,fro_appet,frozen,6oz,"		$3.99/ea($10.50/lb)",3.99,ea(,10.50/lb),,
768,"Black Olive Tapenade & Goat Cheese Puffs, Frozen","Black Olive Tapenade & Goat Cheese Puffs, Frozen",fro_appet,frozen,NA,"		$9.99/12pcs",9.99,12pcs,,,
769,"FreshDirect Buffalo Chicken Fingers Family Pack, Frozen","FreshDirect Buffalo Chicken Fingers Family Pack, Frozen",fro_appet,frozen,(2lb),"		$15.99/10pcs($8.00/lb)",15.99,10pcs(,8.00/lb),,
770,FreshDirect Curry Samosas,FreshDirect Curry Samosas,fro_appet,frozen,"(18pcs, Serves 6-8)","		$16.99/18pcs($0.94/ct)",16.99,18pcs(,0.94/ct),,
771,"FreshDirect Mini Quiches Lorraine, Frozen","FreshDirect Mini Quiches Lorraine, Frozen",fro_appet,frozen,(7oz),"		$11.99/10pcs($31.55/lb)",11.99,10pcs(,31.55/lb),,
772,Golden Platter Gluten-Free Chicken Breast Nuggets,Golden Platter Gluten-Free Chicken Breast Nuggets,fro_appet,frozen,24oz,"		$7.59/ea($5.06/lb)",7.59,ea(,5.06/lb),,
773,Golden Platter Gluten-Free Chicken Breast Tenders,Golden Platter Gluten-Free Chicken Breast Tenders,fro_appet,frozen,24oz,"		$7.59/ea($5.06/lb)",7.59,ea(,5.06/lb),,
774,Lean Pockets Pepperoni Pizza,Lean Pockets Pepperoni Pizza,fro_appet,frozen,9oz,"		$3.69/ea($6.59/lb)",3.69,ea(,6.59/lb),,
775,"Parmesan Straws with Roasted Garlic, Frozen","Parmesan Straws with Roasted Garlic, Frozen",fro_appet,frozen,NA,"		$9.99/12pcs",9.99,12pcs,,,
776,"Petite Three-Cheese Quiches, Frozen","Petite Three-Cheese Quiches, Frozen",fro_appet,frozen,NA,"		$9.99/12pcs",9.99,12pcs,,,
779,"Dr. Praeger's Sunwiches, Sunflower Seed Butter & Grape Spreadable Fruit Sandwiches","Dr. Praeger's Sunwiches, Sunflower Seed Butter & Grape Spreadable Fruit Sandwiches",fro_appet,frozen,8oz," 	$4.99/ea $5.99Any 2 Dr. Praeger's Sunwiches for $9.00($9.98/lb)Mix'n'Match",4.99,ea ,5.99Any 2 Dr. Praeger's Sunwiches for 9.00(9.98/lb)Mix'n'Match,9.00(,9.98/lb)Mix'n'Match
780,"Dr. Praeger's Sunwiches, Sunflower Seed Butter & Strawberry Spreadable Fruit Sandwiches","Dr. Praeger's Sunwiches, Sunflower Seed Butter & Strawberry Spreadable Fruit Sandwiches",fro_appet,frozen,8oz," 	$4.99/ea $5.99Any 2 Dr. Praeger's Sunwiches for $9.00($9.98/lb)Mix'n'Match",4.99,ea ,5.99Any 2 Dr. Praeger's Sunwiches for 9.00(9.98/lb)Mix'n'Match,9.00(,9.98/lb)Mix'n'Match
781,"FreeBird Baked Popcorn Chicken, Whole Grain","FreeBird Baked Popcorn Chicken, Whole Grain",fro_appet,frozen,12oz," 	$5.39/ea $5.99Any 2 FreeBird for $10.00($7.19/lb)Mix'n'Match",5.39,ea ,5.99Any 2 FreeBird for 10.00(7.19/lb)Mix'n'Match,10.00(,7.19/lb)Mix'n'Match
782,FreeBird Breaded Chicken Tenders,FreeBird Breaded Chicken Tenders,fro_appet,frozen,10oz," 	$5.39/ea $5.99Any 2 FreeBird for $10.00($8.56/lb)Mix'n'Match",5.39,ea ,5.99Any 2 FreeBird for 10.00(8.56/lb)Mix'n'Match,10.00(,8.56/lb)Mix'n'Match
783,"FreshDirect Fiesta Salsa Blue Corn Empanadas, Frozen","FreshDirect Fiesta Salsa Blue Corn Empanadas, Frozen",fro_appet,frozen,"12pcs, 6.10oz","		$9.99/ea($0.83/ct)",9.99,ea(,0.83/ct),,
784,"FreshDirect Southwest Black Bean Empanadas, Frozen","FreshDirect Southwest Black Bean Empanadas, Frozen",fro_appet,frozen,"12pcs, 6.4oz","		$9.99/ea($0.83/ct)",9.99,ea(,0.83/ct),,
785,"Perdue Frozen Turkey Meatballs, Italian Style","Perdue Frozen Turkey Meatballs, Italian Style",fro_appet,frozen,32oz,"		$9.99/ea($5.00/lb)",9.99,ea(,5.00/lb),,
786,Baron Herzog Late Harvest Zinfandel,Baron Herzog Late Harvest Zinfandel,vin_type_fortsweet,wine,750ml,"		$19.99/ea($26.65/l)",19.99,ea(,26.65/l),,
787,Château Manos Cadillac (Half-bottle),Château Manos Cadillac (Half-bottle),vin_type_fortsweet,wine,375ml,"		$12.99/ea($34.64/l)",12.99,ea(,34.64/l),,
788,Fonseca Bin 27 Finest Reserve Porto,Fonseca Bin 27 Finest Reserve Porto,vin_type_fortsweet,wine,750ml,"		$18.99/ea($25.32/l)",18.99,ea(,25.32/l),,
789,Graham's Ruby Port ,Graham's Ruby Port ,vin_type_fortsweet,wine,750ml,"		$19.99/ea($26.65/l)",19.99,ea(,26.65/l),,
790,Herzog Late Harvest Chenin Blanc,Herzog Late Harvest Chenin Blanc,vin_type_fortsweet,wine,750ml,"		$19.99/ea($26.65/l)",19.99,ea(,26.65/l),,
791,Jackson-Triggs Vidal Icewine,Jackson-Triggs Vidal Icewine,vin_type_fortsweet,wine,187ml,"		$24.99/ea($133.64/l)",24.99,ea(,133.64/l),,
792,La Cigarrera Manzanilla Sherry,La Cigarrera Manzanilla Sherry,vin_type_fortsweet,wine,375ml,"		$12.99/ea($34.64/l)",12.99,ea(,34.64/l),,
793,Petit Guiraud Sauternes (Half-bottle),Petit Guiraud Sauternes (Half-bottle),vin_type_fortsweet,wine,375ml,"		$17.99/ea($47.97/l)",17.99,ea(,47.97/l),,
794,Smith Woodhouse Tawny Port 10 Year,Smith Woodhouse Tawny Port 10 Year,vin_type_fortsweet,wine,750ml,"		$32.99/ea($43.99/l)",32.99,ea(,43.99/l),,
795,Taylor Fladgate 10 Year Old Tawny Port,Taylor Fladgate 10 Year Old Tawny Port,vin_type_fortsweet,wine,750ml,"		$29.99/ea($39.99/l)",29.99,ea(,39.99/l),,
796,Warre's Late Bottled Vintage Port ,Warre's Late Bottled Vintage Port ,vin_type_fortsweet,wine,750ml,"		$32.99/ea($43.99/l)",32.99,ea(,43.99/l),,
797,Warre's OTIMA 10 Year Old Tawny Port,Warre's OTIMA 10 Year Old Tawny Port,vin_type_fortsweet,wine,500ml,"		$23.99/ea($47.98/l)",23.99,ea(,47.98/l),,
798,Manischewitz Extra Wide Egg Noodles,Manischewitz Extra Wide Egg Noodles,pas_kosher,shop,12oz," 	$1.88/ea $2.69Save 30%($2.51/lb)",1.88,ea ,2.69Save 30%(2.51/lb),2.51/lb),
799,Manischewitz Fine Egg Noodles,Manischewitz Fine Egg Noodles,pas_kosher,shop,12oz," 	$1.81/ea $2.59Save 30%($2.41/lb)",1.81,ea ,2.59Save 30%(2.41/lb),2.41/lb),
800,Manischewitz Medium Egg Noodles,Manischewitz Medium Egg Noodles,pas_kosher,shop,12oz," 	$1.81/ea $2.59Save 30%($2.41/lb)",1.81,ea ,2.59Save 30%(2.41/lb),2.41/lb),
801,Manischewitz Wide Egg Noodles,Manischewitz Wide Egg Noodles,pas_kosher,shop,12oz," 	$1.81/ea $2.59Save 30%($2.41/lb)",1.81,ea ,2.59Save 30%(2.41/lb),2.41/lb),
802,Streit's Matzo Ball & Soup Mix,Streit's Matzo Ball & Soup Mix,pas_kosher,shop,4.5oz," 	$3.49/ea $4.99Save 30%($12.46/lb)",3.49,ea ,4.99Save 30%(12.46/lb),12.46/lb),
803,Beefeater London Dry Gin,Beefeater London Dry Gin,vin_spirits_gin,wine,750ml,"		$27.99/ea($37.32/l)",27.99,ea(,37.32/l),,
804,Noilly Prat Original Vermouth,Noilly Prat Original Vermouth,vin_spirits_gin,wine,375ml,"		$6.99/ea($18.64/l)",6.99,ea(,18.64/l),,
805,Bluecoat American Dry Gin,Bluecoat American Dry Gin,vin_spirits_gin,wine,750ml,"		$27.99/ea($37.32/l)",27.99,ea(,37.32/l),,
806,Bombay London Dry Gin,Bombay London Dry Gin,vin_spirits_gin,wine,750ml,"		$23.99/ea($31.99/l)",23.99,ea(,31.99/l),,
807,Bombay Sapphire London Dry Gin,Bombay Sapphire London Dry Gin,vin_spirits_gin,wine,750ml,"		$29.99/ea($39.99/l)",29.99,ea(,39.99/l),,
808,Dolin Vermouth de Chambery Dry,Dolin Vermouth de Chambery Dry,vin_spirits_gin,wine,375ml,"		$9.99/ea($13.32/l)",9.99,ea(,13.32/l),,
810,Bulldog London Dry Gin,Bulldog London Dry Gin,vin_spirits_gin,wine,750ml,"		$25.99/ea($34.65/l)",25.99,ea(,34.65/l),,
811,Fleischmann's Gin,Fleischmann's Gin,vin_spirits_gin,wine,1.75L,"		$17.99/ea($10.28/l)",17.99,ea(,10.28/l),,
812,Greenhook Ginsmiths American Dry Gin,Greenhook Ginsmiths American Dry Gin,vin_spirits_gin,wine,750ml,"		$34.99/ea($46.65/l)",34.99,ea(,46.65/l),,
813,Hendrick's Gin,Hendrick's Gin,vin_spirits_gin,wine,750ml,"		$39.99/ea($53.32/l)",39.99,ea(,53.32/l),,
814,Monopolowa Dry Gin,Monopolowa Dry Gin,vin_spirits_gin,wine,750ml,"		$12.99/ea($17.32/l)",12.99,ea(,17.32/l),,
815,New Amsterdam Gin,New Amsterdam Gin,vin_spirits_gin,wine,750ml,"		$14.99/ea($19.99/l)",14.99,ea(,19.99/l),,
816,Plymouth Gin,Plymouth Gin,vin_spirits_gin,wine,750ml,"		$31.99/ea($42.65/l)",31.99,ea(,42.65/l),,
817,Seagram's Extra Dry Gin,Seagram's Extra Dry Gin,vin_spirits_gin,wine,750ml,"		$17.99/ea($23.99/l)",17.99,ea(,23.99/l),,
818,Tanqueray London Dry Gin,Tanqueray London Dry Gin,vin_spirits_gin,wine,1L (1000ml),"		$34.99/ea($34.99/l)",34.99,ea(,34.99/l),,
820,Tanqueray London Dry Gin,Tanqueray London Dry Gin,vin_spirits_gin,wine,750ml,"		$29.99/ea($39.99/l)",29.99,ea(,39.99/l),,
822,New Amsterdam Gin,New Amsterdam Gin,vin_spirits_gin,wine,1L (1000ml),"		$0.00/null($0.00/l)",0,null(,0.00/l),,
823,Skippy Creamy Peanut Butter,Skippy Creamy Peanut Butter,gro_peanu,pantry,16.3oz,"		$3.29/ea($3.23/lb)",3.29,ea(,3.23/lb),,
824,Bonne Maman Raspberry Preserves,Bonne Maman Raspberry Preserves,gro_peanu,pantry,13oz,"		$4.49/ea($5.54/lb)",4.49,ea(,5.54/lb),,
825,FreshDirect Oven-Ready Butter Croissants,FreshDirect Oven-Ready Butter Croissants,gro_peanu,pantry,4 pack (9oz),"		$5.49/4pk($1.37/ct)",5.49,4pk(,1.37/ct),,
826,Bonne Maman Strawberry Preserves,Bonne Maman Strawberry Preserves,gro_peanu,pantry,13oz,"		$4.49/ea($5.54/lb)",4.49,ea(,5.54/lb),,
827,Ferrero Nutella Hazelnut Spread with Skim Milk & Cocoa,Ferrero Nutella Hazelnut Spread with Skim Milk & Cocoa,gro_peanu,pantry,13oz,"		$4.29/ea($5.30/lb)",4.29,ea(,5.30/lb),,
829,Jif Creamy Peanut Butter,Jif Creamy Peanut Butter,gro_peanu,pantry,16oz,"		$3.89/ea($3.89/lb)",3.89,ea(,3.89/lb),,
830,"Just FreshDirect 100% Pure Honey Bear, Clover","Just FreshDirect 100% Pure Honey Bear, Clover",gro_peanu,pantry,12oz,"		$3.99/ea($5.32/lb)",3.99,ea(,5.32/lb),,
831,"Just FreshDirect 100% Pure Honey, Clover","Just FreshDirect 100% Pure Honey, Clover",gro_peanu,pantry,16oz,"		$4.69/ea($4.69/lb)",4.69,ea(,4.69/lb),,
832,"Just FreshDirect Natural Peanut Butter, Creamy, No Stir","Just FreshDirect Natural Peanut Butter, Creamy, No Stir",gro_peanu,pantry,16oz,"		$2.99/ea($2.99/lb)",2.99,ea(,2.99/lb),,
833,Smucker's Creamy Natural Peanut Butter,Smucker's Creamy Natural Peanut Butter,gro_peanu,pantry,16oz,"		$3.59/ea($3.59/lb)",3.59,ea(,3.59/lb),,
834,Just FreshDirect Freshly Ground Almond Butter,Just FreshDirect Freshly Ground Almond Butter,gro_peanu,pantry,12oz,"		$8.99/ea($11.99/lb)",8.99,ea(,11.99/lb),,
835,"Just FreshDirect Natural Peanut Butter, Crunchy, No Stir","Just FreshDirect Natural Peanut Butter, Crunchy, No Stir",gro_peanu,pantry,16oz,"		$2.99/ea($2.99/lb)",2.99,ea(,2.99/lb),,
836,"Just FreshDirect Organic 100% Pure Honey Bear, Wildflower","Just FreshDirect Organic 100% Pure Honey Bear, Wildflower",gro_peanu,pantry,12oz,"		$4.29/ea($5.72/lb)",4.29,ea(,5.72/lb),,
837,Justin's All-Natural Classic Almond Butter,Justin's All-Natural Classic Almond Butter,gro_peanu,pantry,16oz,"		$13.99/ea($13.99/lb)",13.99,ea(,13.99/lb),,
838,Skippy Reduced Fat Creamy Peanut Butter,Skippy Reduced Fat Creamy Peanut Butter,gro_peanu,pantry,16.3oz,"		$3.29/ea($3.23/lb)",3.29,ea(,3.23/lb),,
839,Smucker's Chunky Natural Peanut Butter,Smucker's Chunky Natural Peanut Butter,gro_peanu,pantry,16oz,"		$3.59/ea($3.59/lb)",3.59,ea(,3.59/lb),,
840,Stiles Apiaries Pure Honey,Stiles Apiaries Pure Honey,gro_peanu,pantry,1 lb,"		$5.99/ea($5.99/lb)",5.99,ea(,5.99/lb),,
841,Wild Harvest Organic Creamy Peanut Butter,Wild Harvest Organic Creamy Peanut Butter,gro_peanu,pantry,18oz,"		$4.99/ea($4.42/lb)",4.99,ea(,4.42/lb),,
842,Bonne Maman Apricot Preserves,Bonne Maman Apricot Preserves,gro_peanu,pantry,13oz,"		$4.49/ea($5.54/lb)",4.49,ea(,5.54/lb),,
843,Bonne Maman Four Fruit Preserves,Bonne Maman Four Fruit Preserves,gro_peanu,pantry,13oz,"		$4.49/ea($5.54/lb)",4.49,ea(,5.54/lb),,
844,Bonne Maman Orange Marmalade,Bonne Maman Orange Marmalade,gro_peanu,pantry,13oz,"		$4.49/ea($5.54/lb)",4.49,ea(,5.54/lb),,
845,Bonne Maman Wild Blueberry Preserves,Bonne Maman Wild Blueberry Preserves,gro_peanu,pantry,13oz,"		$4.49/ea($5.54/lb)",4.49,ea(,5.54/lb),,
846,Jif Extra Crunchy Peanut Butter,Jif Extra Crunchy Peanut Butter,gro_peanu,pantry,16oz,"		$3.99/ea($3.99/lb)",3.99,ea(,3.99/lb),,
847,Jif Reduced Fat Creamy Peanut Butter,Jif Reduced Fat Creamy Peanut Butter,gro_peanu,pantry,16oz,"		$3.99/ea($3.99/lb)",3.99,ea(,3.99/lb),,
848,Just FreshDirect Freshly Ground Smooth Peanut Butter,Just FreshDirect Freshly Ground Smooth Peanut Butter,gro_peanu,pantry,16oz,"		$5.99/ea($5.99/lb)",5.99,ea(,5.99/lb),,
849,Peanut Butter & Co. Old Fashioned Crunchy,Peanut Butter & Co. Old Fashioned Crunchy,gro_peanu,pantry,16oz,"		$4.29/ea($4.29/lb)",4.29,ea(,4.29/lb),,
850,Sarabeth's Kitchen Strawberry Raspberry Preserves,Sarabeth's Kitchen Strawberry Raspberry Preserves,gro_peanu,pantry,18oz," 	$7.39/ea $8.29Save 10%($6.54/lb)",7.39,ea ,8.29Save 10%(6.54/lb),6.54/lb),
851,Skippy Super Chunk Peanut Butter,Skippy Super Chunk Peanut Butter,gro_peanu,pantry,16.3oz,"		$3.29/ea($3.23/lb)",3.29,ea(,3.23/lb),,
852,Smucker's Grape Jelly,Smucker's Grape Jelly,gro_peanu,pantry,12oz,"		$2.79/ea($3.72/lb)",2.79,ea(,3.72/lb),,
853,Smucker's Seedless Strawberry Jam,Smucker's Seedless Strawberry Jam,gro_peanu,pantry,18oz,"		$3.79/ea($3.35/lb)",3.79,ea(,3.35/lb),,
854,Stiles Apiaries Honey Bear,Stiles Apiaries Honey Bear,gro_peanu,pantry,12oz,"		$4.49/ea($5.99/lb)",4.49,ea(,5.99/lb),,
855,Wild Harvest Organic Crunchy Peanut Butter,Wild Harvest Organic Crunchy Peanut Butter,gro_peanu,pantry,18oz,"		$4.99/ea($4.42/lb)",4.99,ea(,4.42/lb),,
856,Bonne Maman Blackberry Preserves,Bonne Maman Blackberry Preserves,gro_peanu,pantry,13oz,"		$4.49/ea($5.54/lb)",4.49,ea(,5.54/lb),,
857,Bonne Maman Cherry Preserves,Bonne Maman Cherry Preserves,gro_peanu,pantry,13oz,"		$4.49/ea($5.54/lb)",4.49,ea(,5.54/lb),,
858,Bonne Maman Fig Preserves,Bonne Maman Fig Preserves,gro_peanu,pantry,13oz,"		$4.49/ea($5.54/lb)",4.49,ea(,5.54/lb),,
859,Bonne Maman Peach Preserves,Bonne Maman Peach Preserves,gro_peanu,pantry,13oz,"		$4.49/ea($5.54/lb)",4.49,ea(,5.54/lb),,
860,Dalmatia Orange & Fig Spread,Dalmatia Orange & Fig Spread,gro_peanu,pantry,8.5oz,"		$6.49/ea($12.25/lb)",6.49,ea(,12.25/lb),,
861,Ferrero Nutella Hazelnut Spread with Skim Milk & Cocoa,Ferrero Nutella Hazelnut Spread with Skim Milk & Cocoa,gro_peanu,pantry,26.5oz,"		$8.99/ea($5.42/lb)",8.99,ea(,5.42/lb),,
862,Just FreshDirect Freshly Ground Cashew Butter,Just FreshDirect Freshly Ground Cashew Butter,gro_peanu,pantry,12oz,"		$8.99/ea($11.99/lb)",8.99,ea(,11.99/lb),,
863,Just FreshDirect Freshly Ground Chunky Peanut Butter,Just FreshDirect Freshly Ground Chunky Peanut Butter,gro_peanu,pantry,16oz,"		$5.99/ea($5.99/lb)",5.99,ea(,5.99/lb),,
864,Just FreshDirect Freshly Ground Honey Roasted Peanut Butter,Just FreshDirect Freshly Ground Honey Roasted Peanut Butter,gro_peanu,pantry,16oz,"		$5.99/ea($5.99/lb)",5.99,ea(,5.99/lb),,
865,"Just FreshDirect Organic Jelly, Concord Grape","Just FreshDirect Organic Jelly, Concord Grape",gro_peanu,pantry,11oz,"		$3.49/ea($5.06/lb)",3.49,ea(,5.06/lb),,
866,"Just FreshDirect Organic Preserves, Apricot","Just FreshDirect Organic Preserves, Apricot",gro_peanu,pantry,11oz,"		$3.49/ea($5.06/lb)",3.49,ea(,5.06/lb),,
867,"Just FreshDirect Organic Preserves, Four Fruit","Just FreshDirect Organic Preserves, Four Fruit",gro_peanu,pantry,11oz,"		$3.49/ea($5.06/lb)",3.49,ea(,5.06/lb),,
868,"Just FreshDirect Organic Preserves, Strawberry","Just FreshDirect Organic Preserves, Strawberry",gro_peanu,pantry,11oz,"		$3.49/ea($5.06/lb)",3.49,ea(,5.06/lb),,
869,Justin's All-Natural Chocolate Hazelnut Butter,Justin's All-Natural Chocolate Hazelnut Butter,gro_peanu,pantry,16oz,"		$13.99/ea($13.99/lb)",13.99,ea(,13.99/lb),,
870,Justin's All-Natural Classic Peanut Butter,Justin's All-Natural Classic Peanut Butter,gro_peanu,pantry,16oz,"		$7.99/ea($7.99/lb)",7.99,ea(,7.99/lb),,
871,Justin's All-Natural Maple Almond Butter,Justin's All-Natural Maple Almond Butter,gro_peanu,pantry,16oz,"		$13.99/ea($13.99/lb)",13.99,ea(,13.99/lb),,
872,Marshmallow Fluff,Marshmallow Fluff,gro_peanu,pantry,16oz,"		$2.39/ea($2.39/lb)",2.39,ea(,2.39/lb),,
874,Peanut Butter & Co. Dark Chocolate Dreams,Peanut Butter & Co. Dark Chocolate Dreams,gro_peanu,pantry,16oz,"		$4.99/ea($4.99/lb)",4.99,ea(,4.99/lb),,
875,Peanut Butter & Co. The Bee's Knees,Peanut Butter & Co. The Bee's Knees,gro_peanu,pantry,16oz,"		$4.99/ea($4.99/lb)",4.99,ea(,4.99/lb),,
876,Polaner All Fruit Grape Jam,Polaner All Fruit Grape Jam,gro_peanu,pantry,10oz,"		$2.99/ea($4.75/lb)",2.99,ea(,4.75/lb),,
877,Polaner All Fruit Seedless Blackberry Spread,Polaner All Fruit Seedless Blackberry Spread,gro_peanu,pantry,10oz,"		$2.99/ea($4.75/lb)",2.99,ea(,4.75/lb),,
878,Polaner Sugar Free Apricot Jam,Polaner Sugar Free Apricot Jam,gro_peanu,pantry,13.5oz,"		$3.79/ea($4.51/lb)",3.79,ea(,4.51/lb),,
879,Polaner Sugar Free Seedless Raspberry Jam,Polaner Sugar Free Seedless Raspberry Jam,gro_peanu,pantry,13.5oz,"		$3.79/ea($4.51/lb)",3.79,ea(,4.51/lb),,
880,Polaner Sugar Free Strawberry Jam,Polaner Sugar Free Strawberry Jam,gro_peanu,pantry,13.5oz,"		$3.79/ea($4.51/lb)",3.79,ea(,4.51/lb),,
881,Red Jacket Orchards Apple Butter,Red Jacket Orchards Apple Butter,gro_peanu,pantry,8oz,"		$3.59/ea($7.18/lb)",3.59,ea(,7.18/lb),,
882,Sarabeth's Kitchen Peach Apricot Preserves,Sarabeth's Kitchen Peach Apricot Preserves,gro_peanu,pantry,18oz," 	$7.39/ea $8.29Save 10%($6.54/lb)",7.39,ea ,8.29Save 10%(6.54/lb),6.54/lb),
883,Sarabeth's Kitchen Strawberry Peach Preserves,Sarabeth's Kitchen Strawberry Peach Preserves,gro_peanu,pantry,18oz,"		$8.29/ea($7.34/lb)",8.29,ea(,7.34/lb),,
884,Skippy Roasted Honey Nut Creamy Peanut Butter,Skippy Roasted Honey Nut Creamy Peanut Butter,gro_peanu,pantry,16.3oz,"		$3.29/ea($3.23/lb)",3.29,ea(,3.23/lb),,
885,Skippy Super Chunk Peanut Butter,Skippy Super Chunk Peanut Butter,gro_peanu,pantry,28oz,"		$5.99/ea($3.42/lb)",5.99,ea(,3.42/lb),,
886,Smucker's Apricot Preserves,Smucker's Apricot Preserves,gro_peanu,pantry,18oz,"		$3.79/ea($3.35/lb)",3.79,ea(,3.35/lb),,
887,Smucker's Low Sugar Grape Jelly,Smucker's Low Sugar Grape Jelly,gro_peanu,pantry,15.5oz,"		$2.79/ea($2.88/lb)",2.79,ea(,2.88/lb),,
888,Smucker's Low Sugar Strawberry Preserves,Smucker's Low Sugar Strawberry Preserves,gro_peanu,pantry,15.5oz,"		$3.69/ea($3.80/lb)",3.69,ea(,3.80/lb),,
889,Smucker's Strawberry Preserves,Smucker's Strawberry Preserves,gro_peanu,pantry,18oz,"		$3.79/ea($3.35/lb)",3.79,ea(,3.35/lb),,
890,Stiles Apiaries Creamed Honey,Stiles Apiaries Creamed Honey,gro_peanu,pantry,12oz,"		$5.99/ea($7.99/lb)",5.99,ea(,7.99/lb),,
891,Da Rosario Organic White Truffle Acacia Honey,Da Rosario Organic White Truffle Acacia Honey,gro_peanu,pantry,4.25oz,"		$14.99/ea($55.52/lb)",14.99,ea(,55.52/lb),,
892,"Kolat All-Natural Fruit & Nut Butter, Blueberry Cinnamon Walnut","Kolat All-Natural Fruit & Nut Butter, Blueberry Cinnamon Walnut",gro_peanu,pantry,12oz,"		$9.99/ea($13.32/lb)",9.99,ea(,13.32/lb),,
893,"Kolat All-Natural Fruit & Nut Butter, Cherry Vanilla Almond","Kolat All-Natural Fruit & Nut Butter, Cherry Vanilla Almond",gro_peanu,pantry,12oz,"		$9.99/ea($13.32/lb)",9.99,ea(,13.32/lb),,
894,"Kolat All-Natural Fruit & Nut Butter, Dark Chocolate Coconut","Kolat All-Natural Fruit & Nut Butter, Dark Chocolate Coconut",gro_peanu,pantry,12oz,"		$9.99/ea($13.32/lb)",9.99,ea(,13.32/lb),,
895,"Kolat All-Natural Fruit & Nut Butter, Espresso Hazelnut","Kolat All-Natural Fruit & Nut Butter, Espresso Hazelnut",gro_peanu,pantry,12oz,"		$9.99/ea($13.32/lb)",9.99,ea(,13.32/lb),,
896,Mixed Made Bees Knees Spicy Honey,Mixed Made Bees Knees Spicy Honey,gro_peanu,pantry,13.5oz,"		$14.99/ea($17.85/lb)",14.99,ea(,17.85/lb),,
897,PB2 Powdered Peanut Butter with Premium Chocolate,PB2 Powdered Peanut Butter with Premium Chocolate,gro_peanu,pantry,6.5oz,"		$4.99/ea($12.17/lb)",4.99,ea(,12.17/lb),,
898,PB2 Powdered Peanut Butter,PB2 Powdered Peanut Butter,gro_peanu,pantry,6.5oz,"		$4.99/ea($12.17/lb)",4.99,ea(,12.17/lb),,
899,Peanut Butter & Co. Cinnamon Raisin Swirl,Peanut Butter & Co. Cinnamon Raisin Swirl,gro_peanu,pantry,16oz,"		$4.99/ea($4.99/lb)",4.99,ea(,4.99/lb),,
900,Peanut Butter & Co. White Chocolate Wonderful,Peanut Butter & Co. White Chocolate Wonderful,gro_peanu,pantry,16oz,"		$4.99/ea($4.99/lb)",4.99,ea(,4.99/lb),,
901,Polaner All Fruit Black Cherry Spread,Polaner All Fruit Black Cherry Spread,gro_peanu,pantry,10oz,"		$2.99/ea($4.75/lb)",2.99,ea(,4.75/lb),,
902,Sarabeth's Kitchen Spreadable Fruit 6 Selected Preserves,Sarabeth's Kitchen Spreadable Fruit 6 Selected Preserves,gro_peanu,pantry,"4oz ea, 6ct","		$25.99/ea($17.33/lb)",25.99,ea(,17.33/lb),,
903,Smucker's Goober Grape Peanut Butter & Jelly Stripes,Smucker's Goober Grape Peanut Butter & Jelly Stripes,gro_peanu,pantry,18oz,"		$4.29/ea($3.80/lb)",4.29,ea(,3.80/lb),,
904,Smucker's Strawberry Jam,Smucker's Strawberry Jam,gro_peanu,pantry,32oz,"		$4.99/ea($2.50/lb)",4.99,ea(,2.50/lb),,
905,SunButter Natural Crunch Sunflower Seed Spread,SunButter Natural Crunch Sunflower Seed Spread,gro_peanu,pantry,16oz,"		$6.99/ea($6.99/lb)",6.99,ea(,6.99/lb),,
906,SunButter Natural Sunflower Seed Spread,SunButter Natural Sunflower Seed Spread,gro_peanu,pantry,16oz,"		$6.99/ea($6.99/lb)",6.99,ea(,6.99/lb),,
907,Valley Produce Company Apricot & Pistachio Fruit Paste,Valley Produce Company Apricot & Pistachio Fruit Paste,gro_peanu,pantry,2.6oz,"		$4.99/ea($31.19/lb)",4.99,ea(,31.19/lb),,
908,Valley Produce Company Fig & Almond Fruit Paste,Valley Produce Company Fig & Almond Fruit Paste,gro_peanu,pantry,2.6oz,"		$4.99/ea($31.19/lb)",4.99,ea(,31.19/lb),,
909,Valley Produce Company Pear & Hazelnut Fruit Paste,Valley Produce Company Pear & Hazelnut Fruit Paste,gro_peanu,pantry,2.6oz,"		$4.99/ea($31.19/lb)",4.99,ea(,31.19/lb),,
910,Peanut Butter & Co. Old Fashioned Smooth,Peanut Butter & Co. Old Fashioned Smooth,gro_peanu,pantry,16oz,"		$0.00/null($0.00/lb)",0,null(,0.00/lb),,
911,Jif Creamy Peanut Butter To Go Cups,Jif Creamy Peanut Butter To Go Cups,gro_peanu,pantry,"1.5oz cups, 8pk","		$0.00/null($0.00/lb)",0,null(,0.00/lb),,
912,Polaner All Fruit with Fiber Strawberry Spread,Polaner All Fruit with Fiber Strawberry Spread,gro_peanu,pantry,10oz,"		$0.00/null($0.00/lb)",0,null(,0.00/lb),,
913,Peanut Butter & Co. Squeeze Packs Smooth Operator,Peanut Butter & Co. Squeeze Packs Smooth Operator,gro_peanu,pantry,11.5oz,"		$0.00/null($0.00/lb)",0,null(,0.00/lb),,
914,Polaner All Fruit Seedless Red Raspberry Jam,Polaner All Fruit Seedless Red Raspberry Jam,gro_peanu,pantry,10oz,"		$0.00/null($0.00/lb)",0,null(,0.00/lb),,
915,Sarabeth's Kitchen Mixed Berry (Billy's Blues) Preserves,Sarabeth's Kitchen Mixed Berry (Billy's Blues) Preserves,gro_peanu,pantry,18oz," 	$0.00/null $8.29($0.00/lb)",0,null ,8.29(0.00/lb),0.00/lb),
916,Peanut Butter & Co. Squeeze Packs The Bee's Knees,Peanut Butter & Co. Squeeze Packs The Bee's Knees,gro_peanu,pantry,11.5oz,"		$0.00/null($0.00/lb)",0,null(,0.00/lb),,
944,Barilla Penne,Barilla Penne,pan_sale,shop,16oz," 	$1.29/ea $1.49Any 4 Pastas for $5.00($1.29/lb)Mix'n'Match",1.29,ea ,1.49Any 4 Pastas for 5.00(1.29/lb)Mix'n'Match,5.00(,1.29/lb)Mix'n'Match
946,Barilla Spaghetti,Barilla Spaghetti,pan_sale,shop,16oz," 	$1.39/ea $1.49Any 4 Pastas for $5.00($1.39/lb)Mix'n'Match",1.39,ea ,1.49Any 4 Pastas for 5.00(1.39/lb)Mix'n'Match,5.00(,1.39/lb)Mix'n'Match
947,Lifestyle Foods Hollywood Snack Pack,Lifestyle Foods Hollywood Snack Pack,pan_sale,shop,5.2oz,"		$3.49/eaAny 2 Snacks for $6.00Mix'n'Match",3.49,eaAny 2 Snacks for ,6.00Mix'n'Match,,
948,"Pirate Brands Pirate's Booty, Aged White Cheddar","Pirate Brands Pirate's Booty, Aged White Cheddar",pan_sale,shop,4oz," 	$2.59/ea $2.89Any 2 Pirate's Booty for $5.00($10.36/lb)Mix'n'Match",2.59,ea ,2.89Any 2 Pirate's Booty for 5.00(10.36/lb)Mix'n'Match,5.00(,10.36/lb)Mix'n'Match
949,Tostitos Restaurant Style Tortilla Chips,Tostitos Restaurant Style Tortilla Chips,pan_sale,shop,13oz," 	$3.79/ea $4.29Save! 2 for $7.00($4.68/lb)",3.79,ea ,4.29Save! 2 for 7.00(4.68/lb),7.00(,4.68/lb)
950,FreshDirect Handmade Small-Batch Guacamole,FreshDirect Handmade Small-Batch Guacamole,pan_sale,shop,18oz,"		$8.99/ea($7.96/lb)",8.99,ea(,7.96/lb),,
951,Barilla Elbows,Barilla Elbows,pan_sale,shop,16oz," 	$1.29/ea $1.49Any 4 Pastas for $5.00($1.29/lb)Mix'n'Match",1.29,ea ,1.49Any 4 Pastas for 5.00(1.29/lb)Mix'n'Match,5.00(,1.29/lb)Mix'n'Match
952,Barilla Farfalle,Barilla Farfalle,pan_sale,shop,16oz," 	$1.29/ea $1.49Any 4 Pastas for $5.00($1.29/lb)Mix'n'Match",1.29,ea ,1.49Any 4 Pastas for 5.00(1.29/lb)Mix'n'Match,5.00(,1.29/lb)Mix'n'Match
953,De Cecco Fusilli,De Cecco Fusilli,pan_sale,shop,16oz," 	$2.19/ea $2.49Save 12%($2.19/lb)",2.19,ea ,2.49Save 12%(2.19/lb),2.19/lb),
954,Grady's  All Natural Cold Brew Coffee Concentrate,Grady's  All Natural Cold Brew Coffee Concentrate,pan_sale,shop,32oz," 	$9.99/ea $12.99Save 22%($5.00/pt)",9.99,ea ,12.99Save 22%(5.00/pt),5.00/pt),
955,"Califia Farms Almond Milk, Vanilla","Califia Farms Almond Milk, Vanilla",pan_sale,shop,48oz," 	$3.79/ea $4.49Any 2 Califia Almond Milk for $7.50Mix'n'Match",3.79,ea ,4.49Any 2 Califia Almond Milk for 7.50Mix'n'Match,7.50Mix'n'Match,
957,Materne GoGo Squeez Apple Apple Applesauce On the Go,Materne GoGo Squeez Apple Apple Applesauce On the Go,pan_sale,shop,"4pk, 3.2oz ea","		$3.49/eaAny 3 GoGo squeeZ apple sauce for $9.00($4.36/lb)Mix'n'Match",3.49,eaAny 3 GoGo squeeZ apple sauce for ,9.00(4.36/lb)Mix'n'Match,4.36/lb)Mix'n'Match,
958,Rold Gold Honey Wheat Braided Pretzels,Rold Gold Honey Wheat Braided Pretzels,pan_sale,shop,10oz," 	$2.69/ea $3.29Any 2 pretzels for $5.00($4.27/lb)Mix'n'Match",2.69,ea ,3.29Any 2 pretzels for 5.00(4.27/lb)Mix'n'Match,5.00(,4.27/lb)Mix'n'Match
959,Rold Gold Tiny Twists Pretzels,Rold Gold Tiny Twists Pretzels,pan_sale,shop,16oz," 	$2.99/ea $3.29Any 2 pretzels for $5.00($2.99/lb)Mix'n'Match",2.99,ea ,3.29Any 2 pretzels for 5.00(2.99/lb)Mix'n'Match,5.00(,2.99/lb)Mix'n'Match
960,"Tate's Bake Shop All Natural Cookies, Chocolate Chip","Tate's Bake Shop All Natural Cookies, Chocolate Chip",pan_sale,shop,7oz," 	$4.89/ea $5.49Save 10%($11.11/lb)",4.89,ea ,5.49Save 10%(11.11/lb),11.11/lb),
961,Tostitos Chunky Salsa - Medium,Tostitos Chunky Salsa - Medium,pan_sale,shop,15.5oz jar," 	$3.19/ea $3.59Any 2 Varieties for $6.00($3.29/lb)Mix'n'Match",3.19,ea ,3.59Any 2 Varieties for 6.00(3.29/lb)Mix'n'Match,6.00(,3.29/lb)Mix'n'Match
962,FreshDirect Fresh Medium Salsa,FreshDirect Fresh Medium Salsa,pan_sale,shop,15oz,"		$4.99/eaAny 2 Fresh Salsas for $8.00($5.31/lb)Mix'n'Match",4.99,eaAny 2 Fresh Salsas for ,8.00(5.31/lb)Mix'n'Match,5.31/lb)Mix'n'Match,
963,Tostitos Scoops Tortilla Chips,Tostitos Scoops Tortilla Chips,pan_sale,shop,10oz," 	$3.79/ea $4.29Save 10%($6.02/lb)",3.79,ea ,4.29Save 10%(6.02/lb),6.02/lb),
964,Westbrae Vegetarian Organic Black Beans,Westbrae Vegetarian Organic Black Beans,pan_sale,shop,15oz,"		$1.99/eaAny 3 Westbrae for $4.98($2.12/lb)Mix'n'Match",1.99,eaAny 3 Westbrae for ,4.98(2.12/lb)Mix'n'Match,2.12/lb)Mix'n'Match,
965,Cal-Organic Carrot Dippers Snack Packs with Ranch Dip,Cal-Organic Carrot Dippers Snack Packs with Ranch Dip,pan_sale,shop,3pk,"		$3.99/eaSave! 2 for $7.00",3.99,eaSave! 2 for ,7,,
966,"Aidells All Natural Smoked Chicken Sausage, Chicken & Apple (Fully Cooked)","Aidells All Natural Smoked Chicken Sausage, Chicken & Apple (Fully Cooked)",pan_sale,shop,12oz," 	$5.49/ea $5.99Any 2 Sausages for $10.00($7.32/lb)Mix'n'Match",5.49,ea ,5.99Any 2 Sausages for 10.00(7.32/lb)Mix'n'Match,10.00(,7.32/lb)Mix'n'Match
967,Barilla Angel Hair,Barilla Angel Hair,pan_sale,shop,16oz," 	$1.29/ea $1.49Any 4 Pastas for $5.00($1.29/lb)Mix'n'Match",1.29,ea ,1.49Any 4 Pastas for 5.00(1.29/lb)Mix'n'Match,5.00(,1.29/lb)Mix'n'Match
968,Barilla Gemelli,Barilla Gemelli,pan_sale,shop,16oz," 	$1.29/ea $1.49Any 4 Pastas for $5.00($1.29/lb)Mix'n'Match",1.29,ea ,1.49Any 4 Pastas for 5.00(1.29/lb)Mix'n'Match,5.00(,1.29/lb)Mix'n'Match
969,Barilla Linguine,Barilla Linguine,pan_sale,shop,16oz," 	$1.29/ea $1.49Any 4 Pastas for $5.00($1.29/lb)Mix'n'Match",1.29,ea ,1.49Any 4 Pastas for 5.00(1.29/lb)Mix'n'Match,5.00(,1.29/lb)Mix'n'Match
970,Barilla Mezzi Rigatoni,Barilla Mezzi Rigatoni,pan_sale,shop,16oz," 	$1.29/ea $1.49Any 4 Pastas for $5.00($1.29/lb)Mix'n'Match",1.29,ea ,1.49Any 4 Pastas for 5.00(1.29/lb)Mix'n'Match,5.00(,1.29/lb)Mix'n'Match
971,Barilla Rotini,Barilla Rotini,pan_sale,shop,16oz," 	$1.29/ea $1.49Any 4 Pastas for $5.00($1.29/lb)Mix'n'Match",1.29,ea ,1.49Any 4 Pastas for 5.00(1.29/lb)Mix'n'Match,5.00(,1.29/lb)Mix'n'Match
972,De Cecco Cavatappi,De Cecco Cavatappi,pan_sale,shop,16oz," 	$2.19/ea $2.49Save 12%($2.19/lb)",2.19,ea ,2.49Save 12%(2.19/lb),2.19/lb),
973,De Cecco Orecchiette,De Cecco Orecchiette,pan_sale,shop,16oz," 	$2.19/ea $2.49Save 12%($2.19/lb)",2.19,ea ,2.49Save 12%(2.19/lb),2.19/lb),
974,De Cecco Spaghetti,De Cecco Spaghetti,pan_sale,shop,16oz," 	$2.19/ea $2.49Save 12%($2.19/lb)",2.19,ea ,2.49Save 12%(2.19/lb),2.19/lb),
975,Doritos Nacho Cheesier Tortilla Chips,Doritos Nacho Cheesier Tortilla Chips,pan_sale,shop,10.5oz," 	$3.79/ea $4.29Save 10%($5.26/lb)",3.79,ea ,4.29Save 10%(5.26/lb),5.26/lb),
976,FreshDirect Fair Trade Organic Sumatra Coffee,FreshDirect Fair Trade Organic Sumatra Coffee,pan_sale,shop,NA," 	$9.99/lb $12.99Save 22%",9.99,lb ,12.99Save 22%,,
977,FreshDirect Fresh Mini Brioche Slider Rolls,FreshDirect Fresh Mini Brioche Slider Rolls,pan_sale,shop,12pk,"		$5.49/12pkAny 2 Brioche Varieties for $9.98($0.46/ct)Mix'n'Match",5.49,12pkAny 2 Brioche Varieties for ,9.98(0.46/ct)Mix'n'Match,0.46/ct)Mix'n'Match,
978,FreshDirect Fresh Onion Brioche Rolls,FreshDirect Fresh Onion Brioche Rolls,pan_sale,shop,6pk,"		$5.49/6pkAny 2 Brioche Varieties for $9.98($0.92/ct)Mix'n'Match",5.49,6pkAny 2 Brioche Varieties for ,9.98(0.92/ct)Mix'n'Match,0.92/ct)Mix'n'Match,
979,FreshDirect Fresh Sesame Brioche Rolls,FreshDirect Fresh Sesame Brioche Rolls,pan_sale,shop,6pk,"		$5.49/6pkAny 2 Brioche Varieties for $9.98($0.92/ct)Mix'n'Match",5.49,6pkAny 2 Brioche Varieties for ,9.98(0.92/ct)Mix'n'Match,0.92/ct)Mix'n'Match,
980,FreshDirect Mini Assorted Cookies,FreshDirect Mini Assorted Cookies,pan_sale,shop,"12oz, 24ct","		$5.99/eaAny 2 Treats for $11.00($0.25/ct)Mix'n'Match",5.99,eaAny 2 Treats for ,11.00(0.25/ct)Mix'n'Match,0.25/ct)Mix'n'Match,
981,FreshDirect Pie & Quiche Shell,FreshDirect Pie & Quiche Shell,pan_sale,shop,"2pk ( 9"")","		$5.99/2pkAny 2 Pie Shells for $11.00($3.00/ct)Mix'n'Match",5.99,2pkAny 2 Pie Shells for ,11.00(3.00/ct)Mix'n'Match,3.00/ct)Mix'n'Match,
983,Kashi GOLEAN Crunch! Cereal,Kashi GOLEAN Crunch! Cereal,pan_sale,shop,13.8oz," 	$3.29/ea $3.69Save 10%($3.83/lb)",3.29,ea ,3.69Save 10%(3.83/lb),3.83/lb),
984,Kashi GOLEAN Honey Almond Flax Crunch Cereal,Kashi GOLEAN Honey Almond Flax Crunch Cereal,pan_sale,shop,14oz," 	$3.29/ea $3.69Save 10%($3.74/lb)",3.29,ea ,3.69Save 10%(3.74/lb),3.74/lb),
985,Kashi GOLEAN Protein & High Fiber Cereal,Kashi GOLEAN Protein & High Fiber Cereal,pan_sale,shop,13.1oz," 	$3.29/ea $3.69Save 10%($4.01/lb)",3.29,ea ,3.69Save 10%(4.01/lb),4.01/lb),
986,"Kashi Heart to Heart Cereal, Honey Toasted","Kashi Heart to Heart Cereal, Honey Toasted",pan_sale,shop,12oz," 	$3.59/ea $3.99Save 10%($4.79/lb)",3.59,ea ,3.99Save 10%(4.79/lb),4.79/lb),
987,Kashi TLC Original 7 Grain Crackers,Kashi TLC Original 7 Grain Crackers,pan_sale,shop,9oz," 	$2.99/ea $3.69Save 18%($5.34/lb)",2.99,ea ,3.69Save 18%(5.34/lb),5.34/lb),
988,Kellogg's Special K Cereal,Kellogg's Special K Cereal,pan_sale,shop,18oz," 	$4.89/ea $5.79Save 15%($4.33/lb)",4.89,ea ,5.79Save 15%(4.33/lb),4.33/lb),
989,"Kellogg's Special K Cereal, Red Berries","Kellogg's Special K Cereal, Red Berries",pan_sale,shop,14.7oz," 	$4.59/ea $5.49Save 16%($4.99/lb)",4.59,ea ,5.49Save 16%(4.99/lb),4.99/lb),
990,Lay's Classic Potato Chips,Lay's Classic Potato Chips,pan_sale,shop,10.5oz," 	$3.79/ea $4.29Save! 2 for $7.00($5.49/lb)",3.79,ea ,4.29Save! 2 for 7.00(5.49/lb),7.00(,5.49/lb)
991,Lifestyle Foods Manhattan Snack Pack,Lifestyle Foods Manhattan Snack Pack,pan_sale,shop,5oz,"		$3.49/eaAny 2 Snacks for $6.00Mix'n'Match",3.49,eaAny 2 Snacks for ,6.00Mix'n'Match,,
992,Love Beets Organic Cooked Beets,Love Beets Organic Cooked Beets,pan_sale,shop,8.8oz," 	$3.49/ea $3.99Save 12%",3.49,ea ,3.99Save 12%,,
993,Materne GoGo Squeez Apple Cinnamon Applesauce On the Go,Materne GoGo Squeez Apple Cinnamon Applesauce On the Go,pan_sale,shop,"4pk, 3.2oz ea","		$3.49/eaAny 3 GoGo squeeZ apple sauce for $9.00($4.36/lb)Mix'n'Match",3.49,eaAny 3 GoGo squeeZ apple sauce for ,9.00(4.36/lb)Mix'n'Match,4.36/lb)Mix'n'Match,
994,Materne GoGo Squeez Apple Strawberry Applesauce On the Go,Materne GoGo Squeez Apple Strawberry Applesauce On the Go,pan_sale,shop,"4pk, 3.2oz ea","		$3.49/eaAny 3 GoGo squeeZ apple sauce for $9.00($4.36/lb)Mix'n'Match",3.49,eaAny 3 GoGo squeeZ apple sauce for ,9.00(4.36/lb)Mix'n'Match,4.36/lb)Mix'n'Match,
995,Roland Large Pitted Ripe Olives,Roland Large Pitted Ripe Olives,pan_sale,shop,15oz," 	$1.99/ea $2.29Save 12%($2.12/lb)",1.99,ea ,2.29Save 12%(2.12/lb),2.12/lb),
996,Roland Nonpareilles Capers,Roland Nonpareilles Capers,pan_sale,shop,3oz," 	$1.49/ea $1.99Save 25%($7.84/lb)",1.49,ea ,1.99Save 25%(7.84/lb),7.84/lb),
997,"Tate's Bake Shop Gluten Free All Natural Cookies, Chocolate Chip","Tate's Bake Shop Gluten Free All Natural Cookies, Chocolate Chip",pan_sale,shop,7oz," 	$4.89/ea $5.49Save 10%($11.11/lb)",4.89,ea ,5.49Save 10%(11.11/lb),11.11/lb),
998,Tostitos Restaurant Style Hint of Lime Tortilla Chips,Tostitos Restaurant Style Hint of Lime Tortilla Chips,pan_sale,shop,13oz," 	$3.79/ea $4.29Save 10%($4.68/lb)",3.79,ea ,4.29Save 10%(4.68/lb),4.68/lb),
999,Westbrae Vegetarian Fat-Free Organic Great Northern Beans,Westbrae Vegetarian Fat-Free Organic Great Northern Beans,pan_sale,shop,15oz,"		$1.99/eaAny 3 Westbrae for $4.98($2.12/lb)Mix'n'Match",1.99,eaAny 3 Westbrae for ,4.98(2.12/lb)Mix'n'Match,2.12/lb)Mix'n'Match,
1000,Westbrae Vegetarian Low Fat Organic Garbanzo Beans,Westbrae Vegetarian Low Fat Organic Garbanzo Beans,pan_sale,shop,15oz,"		$1.99/eaAny 3 Westbrae for $4.98($2.12/lb)Mix'n'Match",1.99,eaAny 3 Westbrae for ,4.98(2.12/lb)Mix'n'Match,2.12/lb)Mix'n'Match,
1001,"Aidells All Natural Smoked Chicken Sausage, Habanero & Green Chile (Fully Cooked)","Aidells All Natural Smoked Chicken Sausage, Habanero & Green Chile (Fully Cooked)",pan_sale,shop,12oz," 	$5.09/ea $5.99Any 2 Sausages for $10.00($6.79/lb)Mix'n'Match",5.09,ea ,5.99Any 2 Sausages for 10.00(6.79/lb)Mix'n'Match,10.00(,6.79/lb)Mix'n'Match
1002,"Aidells Smoked Chicken Sausage Minis, Chicken & Apple (Fully Cooked)","Aidells Smoked Chicken Sausage Minis, Chicken & Apple (Fully Cooked)",pan_sale,shop,12oz," 	$5.09/ea $5.99Any 2 Sausages for $10.00($6.79/lb)Mix'n'Match",5.09,ea ,5.99Any 2 Sausages for 10.00(6.79/lb)Mix'n'Match,10.00(,6.79/lb)Mix'n'Match
1003,Amy's Black Bean & Vegetable Enchilada,Amy's Black Bean & Vegetable Enchilada,pan_sale,shop,9.5oz," 	$4.19/ea $4.69Save 10%($7.10/lb)",4.19,ea ,4.69Save 10%(7.10/lb),7.10/lb),
1004,"Amy's Bowls, Brown Rice & Black Peas","Amy's Bowls, Brown Rice & Black Peas",pan_sale,shop,9 oz. (255g)," 	$4.19/ea $4.89Save 14%($7.48/lb)",4.19,ea ,4.89Save 14%(7.48/lb),7.48/lb),
1005,"Amy's Bowls, Brown Rice & Vegetable","Amy's Bowls, Brown Rice & Vegetable",pan_sale,shop,10 oz. (283g)," 	$4.19/ea $4.89Save 14%($6.65/lb)",4.19,ea ,4.89Save 14%(6.65/lb),6.65/lb),
1006,"Amy's Bowls, Tortilla Casserole & Black Beans","Amy's Bowls, Tortilla Casserole & Black Beans",pan_sale,shop,9.5oz," 	$4.19/ea $4.89Save 14%($7.10/lb)",4.19,ea ,4.89Save 14%(7.10/lb),7.10/lb),
1007,Amy's Gluten-Free Bean & Cheese Burrito,Amy's Gluten-Free Bean & Cheese Burrito,pan_sale,shop,5.5oz," 	$2.69/ea $3.29Save 18%($7.91/lb)",2.69,ea ,3.29Save 18%(7.91/lb),7.91/lb),
1008,Amy's Indian Palak Paneer,Amy's Indian Palak Paneer,pan_sale,shop,10 oz. (283g)," 	$4.19/ea $4.89Save 14%($6.65/lb)",4.19,ea ,4.89Save 14%(6.65/lb),6.65/lb),
1009,Amy's Indian Paneer Tikka,Amy's Indian Paneer Tikka,pan_sale,shop,9.5oz," 	$4.19/ea $4.89Save 14%($7.10/lb)",4.19,ea ,4.89Save 14%(7.10/lb),7.10/lb),
1010,Barilla Campanelle,Barilla Campanelle,pan_sale,shop,16oz," 	$1.29/ea $1.49Any 4 Pastas for $5.00($1.29/lb)Mix'n'Match",1.29,ea ,1.49Any 4 Pastas for 5.00(1.29/lb)Mix'n'Match,5.00(,1.29/lb)Mix'n'Match
1011,Barilla Fettuccine,Barilla Fettuccine,pan_sale,shop,16oz," 	$1.29/ea $1.49Any 4 Pastas for $5.00($1.29/lb)Mix'n'Match",1.29,ea ,1.49Any 4 Pastas for 5.00(1.29/lb)Mix'n'Match,5.00(,1.29/lb)Mix'n'Match
1014,Barilla Rigatoni,Barilla Rigatoni,pan_sale,shop,16oz," 	$1.29/ea $1.49Any 4 Pastas for $5.00($1.29/lb)Mix'n'Match",1.29,ea ,1.49Any 4 Pastas for 5.00(1.29/lb)Mix'n'Match,5.00(,1.29/lb)Mix'n'Match
1015,Barilla Thin Spaghetti,Barilla Thin Spaghetti,pan_sale,shop,16oz," 	$1.29/ea $1.49Any 4 Pastas for $5.00($1.29/lb)Mix'n'Match",1.29,ea ,1.49Any 4 Pastas for 5.00(1.29/lb)Mix'n'Match,5.00(,1.29/lb)Mix'n'Match
1016,Barilla Whole Grain Spaghetti,Barilla Whole Grain Spaghetti,pan_sale,shop,13.25oz," 	$1.29/ea $1.49Any 4 Pastas for $5.00($1.55/lb)Mix'n'Match",1.29,ea ,1.49Any 4 Pastas for 5.00(1.55/lb)Mix'n'Match,5.00(,1.55/lb)Mix'n'Match
1017,Barilla Whole Grain Thin Spaghetti,Barilla Whole Grain Thin Spaghetti,pan_sale,shop,13.25oz," 	$1.29/ea $1.49Any 4 Pastas for $5.00($1.55/lb)Mix'n'Match",1.29,ea ,1.49Any 4 Pastas for 5.00(1.55/lb)Mix'n'Match,5.00(,1.55/lb)Mix'n'Match
1018,Barilla Ziti,Barilla Ziti,pan_sale,shop,16oz," 	$1.29/ea $1.49Any 4 Pastas for $5.00($1.29/lb)Mix'n'Match",1.29,ea ,1.49Any 4 Pastas for 5.00(1.29/lb)Mix'n'Match,5.00(,1.29/lb)Mix'n'Match
1019,Bear Naked Fruit and Nutty Goodie Bag Granola,Bear Naked Fruit and Nutty Goodie Bag Granola,pan_sale,shop,12oz," 	$4.19/ea $4.99Save 16%($5.59/lb)",4.19,ea ,4.99Save 16%(5.59/lb),5.59/lb),
1020,Bear Naked Original Cinnamon Protein Granola,Bear Naked Original Cinnamon Protein Granola,pan_sale,shop,11.2oz," 	$4.19/ea $4.99Save 16%",4.19,ea ,4.99Save 16%,,
1021,Bear Naked V'nilla Almond Fit Granola,Bear Naked V'nilla Almond Fit Granola,pan_sale,shop,12oz," 	$4.19/ea $4.99Save 16%($5.59/lb)",4.19,ea ,4.99Save 16%(5.59/lb),5.59/lb),
1022,"Brad's Raw Leafy Kale, Naked","Brad's Raw Leafy Kale, Naked",pan_sale,shop,2.5oz," 	$5.79/ea $6.99Any 2 Varieties for $10.00($36.19/lb)Mix'n'Match",5.79,ea ,6.99Any 2 Varieties for 10.00(36.19/lb)Mix'n'Match,10.00(,36.19/lb)Mix'n'Match
1023,De Cecco Angel Hair (No. 9),De Cecco Angel Hair (No. 9),pan_sale,shop,16oz," 	$2.19/ea $2.49Save 12%($2.19/lb)",2.19,ea ,2.49Save 12%(2.19/lb),2.19/lb),
1024,De Cecco Elbows,De Cecco Elbows,pan_sale,shop,16oz," 	$2.19/ea $2.49Save 12%($2.19/lb)",2.19,ea ,2.49Save 12%(2.19/lb),2.19/lb),
1025,De Cecco Farfalle,De Cecco Farfalle,pan_sale,shop,16oz," 	$2.19/ea $2.49Save 12%($2.19/lb)",2.19,ea ,2.49Save 12%(2.19/lb),2.19/lb),
1026,De Cecco Linguine,De Cecco Linguine,pan_sale,shop,16oz," 	$2.19/ea $2.49Save 12%($2.19/lb)",2.19,ea ,2.49Save 12%(2.19/lb),2.19/lb),
1027,De Cecco Penne,De Cecco Penne,pan_sale,shop,16oz," 	$2.19/ea $2.49Save 12%($2.19/lb)",2.19,ea ,2.49Save 12%(2.19/lb),2.19/lb),
1028,De Cecco Penne Rigate,De Cecco Penne Rigate,pan_sale,shop,16oz," 	$2.19/ea $2.49Save 12%($2.19/lb)",2.19,ea ,2.49Save 12%(2.19/lb),2.19/lb),
1029,De Cecco Rigatoni,De Cecco Rigatoni,pan_sale,shop,16oz," 	$2.19/ea $2.49Save 12%($2.19/lb)",2.19,ea ,2.49Save 12%(2.19/lb),2.19/lb),
1030,De Cecco Shells No. 50,De Cecco Shells No. 50,pan_sale,shop,16oz," 	$2.19/ea $2.49Save 12%($2.19/lb)",2.19,ea ,2.49Save 12%(2.19/lb),2.19/lb),
1031,De Cecco Small Shells,De Cecco Small Shells,pan_sale,shop,16oz," 	$2.19/ea $2.49Save 12%($2.19/lb)",2.19,ea ,2.49Save 12%(2.19/lb),2.19/lb),
1032,Doritos Cooler Ranch Tortilla Chips,Doritos Cooler Ranch Tortilla Chips,pan_sale,shop,10.5oz," 	$3.79/ea $4.29Save 10%($5.74/lb)",3.79,ea ,4.29Save 10%(5.74/lb),5.74/lb),
1034,FreshDirect Fresh Brioche Hot Dog Buns,FreshDirect Fresh Brioche Hot Dog Buns,pan_sale,shop,6pk,"		$5.49/6pkAny 2 Brioche Varieties for $9.98($0.92/ct)Mix'n'Match",5.49,6pkAny 2 Brioche Varieties for ,9.98(0.92/ct)Mix'n'Match,0.92/ct)Mix'n'Match,
1035,FreshDirect Maple Brown Sugar Steel-Cut Oatmeal,FreshDirect Maple Brown Sugar Steel-Cut Oatmeal,pan_sale,shop,10oz,"		$3.99/eaAny 2 Fresh Oatmeals for $7.00($6.33/lb)Mix'n'Match",3.99,eaAny 2 Fresh Oatmeals for ,7.00(6.33/lb)Mix'n'Match,6.33/lb)Mix'n'Match,
1036,FreshDirect Mini Flourless Chocolate Fudge Cake,FreshDirect Mini Flourless Chocolate Fudge Cake,pan_sale,shop,"2.5"", 3oz","		$3.29/eaAny 4 Select mini desserts for $12.00($3.29/ct)Mix'n'Match",3.29,eaAny 4 Select mini desserts for ,12.00(3.29/ct)Mix'n'Match,3.29/ct)Mix'n'Match,
1037,FreshDirect Mini Vanilla Bean Cheesecake,FreshDirect Mini Vanilla Bean Cheesecake,pan_sale,shop,"2.5"", 3.2oz","		$3.29/eaAny 4 Select mini desserts for $12.00($3.29/ct)Mix'n'Match",3.29,eaAny 4 Select mini desserts for ,12.00(3.29/ct)Mix'n'Match,3.29/ct)Mix'n'Match,
1038,Gefen Ground Black Pepper,Gefen Ground Black Pepper,pan_sale,shop,3oz," 	$1.88/ea $2.69Save 30%($9.89/lb)",1.88,ea ,2.69Save 30%(9.89/lb),9.89/lb),
1039,Grady's  All Natural Cold Brew Coffee Concentrate,Grady's  All Natural Cold Brew Coffee Concentrate,pan_sale,shop,16oz," 	$5.99/ea $7.99Save 25%($5.99/pt)",5.99,ea ,7.99Save 25%(5.99/pt),5.99/pt),
1040,"Califia Farms Almond Milk, Unsweetened","Califia Farms Almond Milk, Unsweetened",pan_sale,shop,48oz," 	$3.79/ea $4.49Any 2 Califia Almond Milk for $7.50Mix'n'Match",3.79,ea ,4.49Any 2 Califia Almond Milk for 7.50Mix'n'Match,7.50Mix'n'Match,
1041,"Kashi GOLEAN Crisp! Cereal, Toasted Berry Crumble","Kashi GOLEAN Crisp! Cereal, Toasted Berry Crumble",pan_sale,shop,14oz," 	$3.29/ea $3.69Save 10%($3.74/lb)",3.29,ea ,3.69Save 10%(3.74/lb),3.74/lb),
1042,Kashi Heart to Heart Oat Flakes & Blueberry Clusters Cereal,Kashi Heart to Heart Oat Flakes & Blueberry Clusters Cereal,pan_sale,shop,13.4oz," 	$3.59/ea $3.99Save 10%($4.27/lb)",3.59,ea ,3.99Save 10%(4.27/lb),4.27/lb),
1043,Kashi Organic Promise Autumn Wheat Lightly Sweet Cereal,Kashi Organic Promise Autumn Wheat Lightly Sweet Cereal,pan_sale,shop,16.3oz," 	$3.89/ea $4.39Save 10%($3.81/lb)",3.89,ea ,4.39Save 10%(3.81/lb),3.81/lb),
1044,Kashi Organic Promise Cinnamon Harvest Cereal,Kashi Organic Promise Cinnamon Harvest Cereal,pan_sale,shop,16.3oz," 	$3.89/ea $4.39Save 10%($3.81/lb)",3.89,ea ,4.39Save 10%(3.81/lb),3.81/lb),
1045,Kashi TLC Cherry Dark Chocolate Chewy Granola Bars,Kashi TLC Cherry Dark Chocolate Chewy Granola Bars,pan_sale,shop,6pk (7.4oz)," 	$3.69/ea $4.19Save 12%($8.02/lb)",3.69,ea ,4.19Save 12%(8.02/lb),8.02/lb),
1046,Kashi TLC Honey Almond Flax Chewy Granola Bars,Kashi TLC Honey Almond Flax Chewy Granola Bars,pan_sale,shop,6pk (7.4oz)," 	$3.69/ea $4.19Save 12%($8.02/lb)",3.69,ea ,4.19Save 12%(8.02/lb),8.02/lb),
1047,Kashi TLC Oatmeal Dark Chocolate Cookies,Kashi TLC Oatmeal Dark Chocolate Cookies,pan_sale,shop,8.6oz," 	$2.99/ea $3.69Save 18%($5.54/lb)",2.99,ea ,3.69Save 18%(5.54/lb),5.54/lb),
1048,Kashi TLC Trail Mix Chewy Granola Bars,Kashi TLC Trail Mix Chewy Granola Bars,pan_sale,shop,6pk (7.4oz)," 	$3.69/ea $4.19Save 12%($8.02/lb)",3.69,ea ,4.19Save 12%(8.02/lb),8.02/lb),
1049,"Kellogg's Special K Cereal, Chocolatey Delight","Kellogg's Special K Cereal, Chocolatey Delight",pan_sale,shop,13.1oz," 	$3.89/ea $4.59Save 15%",3.89,ea ,4.59Save 15%,,
1050,"Kellogg's Special K Cereal, Fruit & Yogurt","Kellogg's Special K Cereal, Fruit & Yogurt",pan_sale,shop,12.5oz," 	$3.89/ea $4.49Save 12%($4.99/lb)",3.89,ea ,4.49Save 12%(4.99/lb),4.99/lb),
1051,"Kellogg's Special K Cereal, Protein Plus","Kellogg's Special K Cereal, Protein Plus",pan_sale,shop,12.5oz," 	$3.89/ea $4.59Save 15%",3.89,ea ,4.59Save 15%,,
1052,"Kellogg's Special K Cereal, Vanilla Almond","Kellogg's Special K Cereal, Vanilla Almond",pan_sale,shop,12.4oz," 	$3.89/ea $4.59Save 15%($4.99/lb)",3.89,ea ,4.59Save 15%(4.99/lb),4.99/lb),
1053,Kellogg's Special K Red Berry Bars,Kellogg's Special K Red Berry Bars,pan_sale,shop,6ct (4.9oz)," 	$3.19/ea $3.69Save 12%($10.29/lb)",3.19,ea ,3.69Save 12%(10.29/lb),10.29/lb),
1054,Love Beets Balsamic Infused Beets,Love Beets Balsamic Infused Beets,pan_sale,shop,6.5oz," 	$3.49/ea $3.99Save 12%",3.49,ea ,3.99Save 12%,,
1055,Lundberg Organic Sea Salt Rice Chips,Lundberg Organic Sea Salt Rice Chips,pan_sale,shop,6oz," 	$3.19/ea $3.59Any 2 Chips for $6.00($8.39/lb)Mix'n'Match",3.19,ea ,3.59Any 2 Chips for 6.00(8.39/lb)Mix'n'Match,6.00(,8.39/lb)Mix'n'Match
1056,Materne GoGo Squeez AppleBanana Applesauce On the Go,Materne GoGo Squeez AppleBanana Applesauce On the Go,pan_sale,shop,"4pk, 3.2oz ea","		$3.49/eaAny 3 GoGo squeeZ apple sauce for $9.00($4.36/lb)Mix'n'Match",3.49,eaAny 3 GoGo squeeZ apple sauce for ,9.00(4.36/lb)Mix'n'Match,4.36/lb)Mix'n'Match,
1057,Materne GoGo Squeez AppleBerry Applesauce On the Go,Materne GoGo Squeez AppleBerry Applesauce On the Go,pan_sale,shop,"4pk, 3.2oz ea","		$3.49/eaAny 3 GoGo squeeZ apple sauce for $9.00($4.36/lb)Mix'n'Match",3.49,eaAny 3 GoGo squeeZ apple sauce for ,9.00(4.36/lb)Mix'n'Match,4.36/lb)Mix'n'Match,
1058,"Materne GoGo Squeez Applesauce On The Go, Apple Mango","Materne GoGo Squeez Applesauce On The Go, Apple Mango",pan_sale,shop,"4pk, 3.2oz ea","		$3.49/eaAny 3 GoGo squeeZ apple sauce for $9.00($4.36/lb)Mix'n'Match",3.49,eaAny 3 GoGo squeeZ apple sauce for ,9.00(4.36/lb)Mix'n'Match,4.36/lb)Mix'n'Match,
1059,"Materne GoGo Squeez Organic Applesauce On The Go, Apple Apple","Materne GoGo Squeez Organic Applesauce On The Go, Apple Apple",pan_sale,shop,"4pk, 3.2oz ea"," 	$3.99/ea $4.99Save 20%($4.99/lb)",3.99,ea ,4.99Save 20%(4.99/lb),4.99/lb),
1060,"Pirate Brands Pirate's Booty, Veggie","Pirate Brands Pirate's Booty, Veggie",pan_sale,shop,4oz," 	$2.59/ea $2.89Any 2 Pirate's Booty for $5.00($10.36/lb)Mix'n'Match",2.59,ea ,2.89Any 2 Pirate's Booty for 5.00(10.36/lb)Mix'n'Match,5.00(,10.36/lb)Mix'n'Match
1061,"Pirate Brands Smart Puffs, Real Wisconsin Cheddar","Pirate Brands Smart Puffs, Real Wisconsin Cheddar",pan_sale,shop,4.5oz," 	$2.59/ea $2.89Any 2 Pirate's Booty for $5.00($9.25/lb)Mix'n'Match",2.59,ea ,2.89Any 2 Pirate's Booty for 5.00(9.25/lb)Mix'n'Match,5.00(,9.25/lb)Mix'n'Match
1062,"Popchips All Natural Popped Chip Snack, Sea Salt Potato","Popchips All Natural Popped Chip Snack, Sea Salt Potato",pan_sale,shop,3.5oz," 	$2.69/ea $2.99Any 2 Pop Chips for $5.00($12.23/lb)Mix'n'Match",2.69,ea ,2.99Any 2 Pop Chips for 5.00(12.23/lb)Mix'n'Match,5.00(,12.23/lb)Mix'n'Match
1063,"Popchips All-Natural Popped Chip Snack, Barbeque Potato","Popchips All-Natural Popped Chip Snack, Barbeque Potato",pan_sale,shop,3.5oz," 	$2.69/ea $2.99Any 2 Pop Chips for $5.00($12.23/lb)Mix'n'Match",2.69,ea ,2.99Any 2 Pop Chips for 5.00(12.23/lb)Mix'n'Match,5.00(,12.23/lb)Mix'n'Match
1064,"Popchips All-Natural Popped Chip Snack, Sea Salt & Vinegar Potato","Popchips All-Natural Popped Chip Snack, Sea Salt & Vinegar Potato",pan_sale,shop,3.5oz," 	$2.69/ea $2.99Any 2 Pop Chips for $5.00($12.23/lb)Mix'n'Match",2.69,ea ,2.99Any 2 Pop Chips for 5.00(12.23/lb)Mix'n'Match,5.00(,12.23/lb)Mix'n'Match
1065,Roland Chipotle Peppers in Adobo Sauce,Roland Chipotle Peppers in Adobo Sauce,pan_sale,shop,7oz," 	$1.79/ea $1.99Save 10%($4.07/lb)",1.79,ea ,1.99Save 10%(4.07/lb),4.07/lb),
1067,Roland Sliced Water Chestnuts,Roland Sliced Water Chestnuts,pan_sale,shop,8oz," 	$0.99/ea $1.19Save 16%($1.98/lb)",0.99,ea ,1.19Save 16%(1.98/lb),1.98/lb),
1068,Rold Gold Classic Pretzel Sticks,Rold Gold Classic Pretzel Sticks,pan_sale,shop,16oz," 	$2.99/ea $3.29Any 2 pretzels for $5.00($2.99/lb)Mix'n'Match",2.99,ea ,3.29Any 2 pretzels for 5.00(2.99/lb)Mix'n'Match,5.00(,2.99/lb)Mix'n'Match
1069,Rold Gold Classic Pretzel Thins,Rold Gold Classic Pretzel Thins,pan_sale,shop,16oz," 	$2.99/ea $3.29Any 2 pretzels for $5.00($2.99/lb)Mix'n'Match",2.99,ea ,3.29Any 2 pretzels for 5.00(2.99/lb)Mix'n'Match,5.00(,2.99/lb)Mix'n'Match
1070,Rold Gold Pretzel Rods,Rold Gold Pretzel Rods,pan_sale,shop,12oz," 	$2.99/ea $3.29Any 2 pretzels for $5.00($3.99/lb)Mix'n'Match",2.99,ea ,3.29Any 2 pretzels for 5.00(3.99/lb)Mix'n'Match,5.00(,3.99/lb)Mix'n'Match
1071,"Sarabeth's Kitchen Buttermilk Biscuits, Frozen","Sarabeth's Kitchen Buttermilk Biscuits, Frozen",pan_sale,shop,7oz," 	$5.69/ea $6.39Save 10%($12.93/lb)",5.69,ea ,6.39Save 10%(12.93/lb),12.93/lb),
1072,"Sarabeth's Kitchen Currant Scones, Frozen","Sarabeth's Kitchen Currant Scones, Frozen",pan_sale,shop,9oz," 	$5.69/ea $6.39Save 10%($10.16/lb)",5.69,ea ,6.39Save 10%(10.16/lb),10.16/lb),
1074,"Sir Kensington's All-Natural Mayonnaise, Classic","Sir Kensington's All-Natural Mayonnaise, Classic",pan_sale,shop,10oz," 	$5.39/ea $5.99Save 10%($8.56/pt)",5.39,ea ,5.99Save 10%(8.56/pt),8.56/pt),
1075,Tostitos Baked Scoops,Tostitos Baked Scoops,pan_sale,shop,6.25oz," 	$2.99/ea $3.29Any 2 pretzels for $5.00Mix'n'Match",2.99,ea ,3.29Any 2 pretzels for 5.00Mix'n'Match,5.00Mix'n'Match,
1076,Tostitos Bite Size Rounds Tortilla Chips,Tostitos Bite Size Rounds Tortilla Chips,pan_sale,shop,13oz," 	$3.49/ea $3.99Save 12%($4.31/lb)",3.49,ea ,3.99Save 12%(4.31/lb),4.31/lb),
1077,Tostitos Chunky Salsa - Mild,Tostitos Chunky Salsa - Mild,pan_sale,shop,15.5oz jar," 	$3.29/ea $3.59Any 2 Varieties for $6.00($3.39/lb)Mix'n'Match",3.29,ea ,3.59Any 2 Varieties for 6.00(3.39/lb)Mix'n'Match,6.00(,3.39/lb)Mix'n'Match
1078,Tostitos Multigrain Scoops!,Tostitos Multigrain Scoops!,pan_sale,shop,10oz," 	$3.79/ea $4.29Save 10%($6.02/lb)",3.79,ea ,4.29Save 10%(6.02/lb),6.02/lb),
1079,Tostitos Natural Yellow Corn Tortilla Chips,Tostitos Natural Yellow Corn Tortilla Chips,pan_sale,shop,9oz," 	$3.19/ea $3.59Save 10%($5.70/lb)",3.19,ea ,3.59Save 10%(5.70/lb),5.70/lb),
1080,Tostitos Salsa con Queso - Medium,Tostitos Salsa con Queso - Medium,pan_sale,shop,15oz jar," 	$3.19/ea $3.59Save 10%($3.39/lb)",3.19,ea ,3.59Save 10%(3.39/lb),3.39/lb),
1081,"Tribe To Go Hummus & Pita Chips, Classic Hummus","Tribe To Go Hummus & Pita Chips, Classic Hummus",pan_sale,shop,2.75oz,"		$2.39/eaSave! 2 for $3.00($14.06/lb)",2.39,eaSave! 2 for ,3.00(14.06/lb),14.06/lb),
1082,Westbrae Vegetarian Low-Sodium Organic Kidney Beans,Westbrae Vegetarian Low-Sodium Organic Kidney Beans,pan_sale,shop,15oz,"		$1.99/eaAny 3 Westbrae for $4.98($2.12/lb)Mix'n'Match",1.99,eaAny 3 Westbrae for ,4.98(2.12/lb)Mix'n'Match,2.12/lb)Mix'n'Match,
1083,Westbrae Vegetarian Organic Lentils,Westbrae Vegetarian Organic Lentils,pan_sale,shop,15oz,"		$1.99/eaAny 3 Westbrae for $4.98($2.12/lb)Mix'n'Match",1.99,eaAny 3 Westbrae for ,4.98(2.12/lb)Mix'n'Match,2.12/lb)Mix'n'Match,
1084,Westbrae Vegetarian Organic Pinto Beans,Westbrae Vegetarian Organic Pinto Beans,pan_sale,shop,15oz,"		$1.99/eaAny 3 Westbrae for $4.98($2.12/lb)Mix'n'Match",1.99,eaAny 3 Westbrae for ,4.98(2.12/lb)Mix'n'Match,2.12/lb)Mix'n'Match,
1085,"18 Rabbits Jr. Granola Bar, Mango Strawberry with Organic Mango and Chia Seeds","18 Rabbits Jr. Granola Bar, Mango Strawberry with Organic Mango and Chia Seeds",pan_sale,shop,"6ct, 1.05oz ea"," 	$5.59/ea $6.99Save 20%($14.33/lb)",5.59,ea ,6.99Save 20%(14.33/lb),14.33/lb),
1086,"18 Rabbits Jr. Organic Granola Bar, Chocolate Banana","18 Rabbits Jr. Organic Granola Bar, Chocolate Banana",pan_sale,shop,"6ct, 1.05oz ea"," 	$5.59/ea $6.99Save 20%($14.33/lb)",5.59,ea ,6.99Save 20%(14.33/lb),14.33/lb),
1087,"18 Rabbits Jr. Organic Granola Bar, Chocolate Cherry","18 Rabbits Jr. Organic Granola Bar, Chocolate Cherry",pan_sale,shop,"6ct, 1.05oz ea"," 	$5.59/ea $6.99Save 20%($14.33/lb)",5.59,ea ,6.99Save 20%(14.33/lb),14.33/lb),
1088,"18 Rabbits Jr. Organic Granola Bar, Cranberry Apricot","18 Rabbits Jr. Organic Granola Bar, Cranberry Apricot",pan_sale,shop,6ct," 	$5.59/ea $6.99Save 20%($0.93/ct)",5.59,ea ,6.99Save 20%(0.93/ct),0.93/ct),
1089,Amy's Black Bean Enchilada Dinner,Amy's Black Bean Enchilada Dinner,pan_sale,shop,10oz," 	$4.19/ea $4.89Save 14%($6.65/lb)",4.19,ea ,4.89Save 14%(6.65/lb),6.65/lb),
1090,Amy's Cheese Enchilada,Amy's Cheese Enchilada,pan_sale,shop,9.5oz," 	$4.19/ea $4.69Save 10%($7.10/lb)",4.19,ea ,4.69Save 10%(7.10/lb),7.10/lb),
1091,Amy's Cheese Enchilada Dinner,Amy's Cheese Enchilada Dinner,pan_sale,shop,9oz," 	$4.19/ea $4.89Save 14%($7.48/lb)",4.19,ea ,4.89Save 14%(7.48/lb),7.48/lb),
1092,Amy's Gluten-Free Bean & Rice Burrito,Amy's Gluten-Free Bean & Rice Burrito,pan_sale,shop,5.5oz," 	$2.69/ea $3.29Save 18%($7.91/lb)",2.69,ea ,3.29Save 18%(7.91/lb),7.91/lb),
1093,Amy's Light & Lean Soft Taco Fiesta,Amy's Light & Lean Soft Taco Fiesta,pan_sale,shop,8oz," 	$4.19/ea $4.89Save 14%($8.38/lb)",4.19,ea ,4.89Save 14%(8.38/lb),8.38/lb),
1094,Amy's Light & Lean Sweet & Sour Asian Noodle,Amy's Light & Lean Sweet & Sour Asian Noodle,pan_sale,shop,8oz," 	$4.19/ea $4.89Save 14%($8.38/lb)",4.19,ea ,4.89Save 14%(8.38/lb),8.38/lb),
1095,Amy's Mushroom Risotto Bowl,Amy's Mushroom Risotto Bowl,pan_sale,shop,9.5oz," 	$4.19/ea $4.89Save 14%($7.10/lb)",4.19,ea ,4.89Save 14%(7.10/lb),7.10/lb),
1096,"Amy's Rice Macaroni with Dairy Free Cheeze, Made with Organic Rice Pasta","Amy's Rice Macaroni with Dairy Free Cheeze, Made with Organic Rice Pasta",pan_sale,shop,8oz," 	$3.79/ea $4.29Save 10%($7.58/lb)",3.79,ea ,4.29Save 10%(7.58/lb),7.58/lb),
1097,Barilla Jumbo Shells,Barilla Jumbo Shells,pan_sale,shop,12oz," 	$1.89/ea $2.49Save 24%($2.52/lb)",1.89,ea ,2.49Save 24%(2.52/lb),2.52/lb),
1098,Barilla Mostaccioli,Barilla Mostaccioli,pan_sale,shop,16oz," 	$1.29/ea $1.49Any 4 Pastas for $5.00($1.29/lb)Mix'n'Match",1.29,ea ,1.49Any 4 Pastas for 5.00(1.29/lb)Mix'n'Match,5.00(,1.29/lb)Mix'n'Match
1099,Barilla Thick Spaghetti,Barilla Thick Spaghetti,pan_sale,shop,16oz," 	$1.29/ea $1.49Any 4 Pastas for $5.00($1.29/lb)Mix'n'Match",1.29,ea ,1.49Any 4 Pastas for 5.00(1.29/lb)Mix'n'Match,5.00(,1.29/lb)Mix'n'Match
1100,Barilla Wavy Lasagne,Barilla Wavy Lasagne,pan_sale,shop,16oz," 	$2.09/ea $2.79Save 25%($2.09/lb)",2.09,ea ,2.79Save 25%(2.09/lb),2.09/lb),
1102,Bartenura Balsamic Vinegar,Bartenura Balsamic Vinegar,pan_sale,shop,17oz," 	$7.19/ea $7.99Save 10%($6.78/pt)",7.19,ea ,7.99Save 10%(6.78/pt),6.78/pt),
1103,Bear Naked Go Bananas...Go Nuts! Granola,Bear Naked Go Bananas...Go Nuts! Granola,pan_sale,shop,12oz," 	$4.19/ea $4.99Save 16%($5.59/lb)",4.19,ea ,4.99Save 16%(5.59/lb),5.59/lb),
1104,Bear Naked Triple Berry Fit Granola,Bear Naked Triple Berry Fit Granola,pan_sale,shop,12oz," 	$4.19/ea $4.99Save 16%($5.59/lb)",4.19,ea ,4.99Save 16%(5.59/lb),5.59/lb),
1105,Beigel & Beigel 100% Whole Wheat Sesame Pretzel Sticks,Beigel & Beigel 100% Whole Wheat Sesame Pretzel Sticks,pan_sale,shop,5oz," 	$1.11/ea $1.59Save 30%($3.58/lb)",1.11,ea ,1.59Save 30%(3.58/lb),3.58/lb),
1106,"Brad's Raw Leafy Kale, Nasty Hot","Brad's Raw Leafy Kale, Nasty Hot",pan_sale,shop,2.5oz," 	$5.79/ea $6.99Any 2 Varieties for $10.00($36.19/lb)Mix'n'Match",5.79,ea ,6.99Any 2 Varieties for 10.00(36.19/lb)Mix'n'Match,10.00(,36.19/lb)Mix'n'Match
1107,"Brad's Raw Leafy Kale, Natural Nacho","Brad's Raw Leafy Kale, Natural Nacho",pan_sale,shop,2.5oz," 	$5.79/ea $6.99Any 2 Varieties for $10.00($36.19/lb)Mix'n'Match",5.79,ea ,6.99Any 2 Varieties for 10.00(36.19/lb)Mix'n'Match,10.00(,36.19/lb)Mix'n'Match
1108,"Brad's Raw Leafy Kale, Vampire Killer","Brad's Raw Leafy Kale, Vampire Killer",pan_sale,shop,2.5oz," 	$5.79/ea $6.99Any 2 Varieties for $10.00($36.19/lb)Mix'n'Match",5.79,ea ,6.99Any 2 Varieties for 10.00(36.19/lb)Mix'n'Match,10.00(,36.19/lb)Mix'n'Match
1109,Cento Organic Chunky Style Crushed Tomatoes in Puree,Cento Organic Chunky Style Crushed Tomatoes in Puree,pan_sale,shop,28oz," 	$2.89/ea $3.29Save 12%($1.65/lb)",2.89,ea ,3.29Save 12%(1.65/lb),1.65/lb),
1110,Cento Organic Whole Peeled Tomatoes in Juice with Basil Leaf,Cento Organic Whole Peeled Tomatoes in Juice with Basil Leaf,pan_sale,shop,28oz," 	$2.89/ea $3.29Save 12%($1.65/lb)",2.89,ea ,3.29Save 12%(1.65/lb),1.65/lb),
1111,"Chic-a-Peas Baked Chickpea Snack, Sea Salt","Chic-a-Peas Baked Chickpea Snack, Sea Salt",pan_sale,shop,3oz," 	$3.59/ea $3.99Any 2 Chic-a-peas for $6.00($18.89/lb)Mix'n'Match",3.59,ea ,3.99Any 2 Chic-a-peas for 6.00(18.89/lb)Mix'n'Match,6.00(,18.89/lb)Mix'n'Match
1112,David's Kosher Salt,David's Kosher Salt,pan_sale,shop,16oz," 	$2.09/ea $2.99Save 30%($2.09/lb)",2.09,ea ,2.99Save 30%(2.09/lb),2.09/lb),
1113,De Cecco Fettuccine,De Cecco Fettuccine,pan_sale,shop,16oz," 	$2.19/ea $2.49Save 12%($2.19/lb)",2.19,ea ,2.49Save 12%(2.19/lb),2.19/lb),
1114,De Cecco Lasagne,De Cecco Lasagne,pan_sale,shop,16oz," 	$1.89/ea $3.29Save 42%($1.89/lb)",1.89,ea ,3.29Save 42%(1.89/lb),1.89/lb),
1116,De Cecco Rotelle,De Cecco Rotelle,pan_sale,shop,16oz," 	$2.19/ea $2.49Save 12%($2.19/lb)",2.19,ea ,2.49Save 12%(2.19/lb),2.19/lb),
1117,De Cecco Thin Spaghetti (No. 11),De Cecco Thin Spaghetti (No. 11),pan_sale,shop,16oz," 	$2.19/ea $2.49Save 12%($2.19/lb)",2.19,ea ,2.49Save 12%(2.19/lb),2.19/lb),
1118,De Cecco Ziti,De Cecco Ziti,pan_sale,shop,16oz," 	$2.19/ea $2.49Save 12%($2.19/lb)",2.19,ea ,2.49Save 12%(2.19/lb),2.19/lb),
1119,Eat Well Embrace Life Edamame Hummus with Red Pepper and Toasted Sesame,Eat Well Embrace Life Edamame Hummus with Red Pepper and Toasted Sesame,pan_sale,shop,10oz," 	$2.99/ea $4.49Any 2 Eat Well Hummus for $5.00($4.75/lb)Mix'n'Match",2.99,ea ,4.49Any 2 Eat Well Hummus for 5.00(4.75/lb)Mix'n'Match,5.00(,4.75/lb)Mix'n'Match
1120,Eat Well Embrace Life Sweet and Spicy Black Bean Hummus with Spicy Roasted Corn Relish,Eat Well Embrace Life Sweet and Spicy Black Bean Hummus with Spicy Roasted Corn Relish,pan_sale,shop,10oz," 	$2.99/ea $4.49Any 2 Eat Well Hummus for $5.00($4.75/lb)Mix'n'Match",2.99,ea ,4.49Any 2 Eat Well Hummus for 5.00(4.75/lb)Mix'n'Match,5.00(,4.75/lb)Mix'n'Match
1121,Eat Well Embrace Life Tuscan White Bean Hummus with Roasted Pine Nuts and Herbs,Eat Well Embrace Life Tuscan White Bean Hummus with Roasted Pine Nuts and Herbs,pan_sale,shop,10oz," 	$2.99/ea $4.49Any 2 Eat Well Hummus for $5.00($4.75/lb)Mix'n'Match",2.99,ea ,4.49Any 2 Eat Well Hummus for 5.00(4.75/lb)Mix'n'Match,5.00(,4.75/lb)Mix'n'Match
1122,Eat Well Embrace Life Wasabi Edamame Hummus with Ginger and Black Sesame Topping,Eat Well Embrace Life Wasabi Edamame Hummus with Ginger and Black Sesame Topping,pan_sale,shop,10oz," 	$2.99/ea $4.49Any 2 Eat Well Hummus for $5.00($4.75/lb)Mix'n'Match",2.99,ea ,4.49Any 2 Eat Well Hummus for 5.00(4.75/lb)Mix'n'Match,5.00(,4.75/lb)Mix'n'Match
1123,Eat Well Embrace Life Zesty Sriracha Carrot Hummus with Sunflower Seeds and Apricot,Eat Well Embrace Life Zesty Sriracha Carrot Hummus with Sunflower Seeds and Apricot,pan_sale,shop,10oz," 	$2.99/ea $4.49Any 2 Eat Well Hummus for $5.00($4.75/lb)Mix'n'Match",2.99,ea ,4.49Any 2 Eat Well Hummus for 5.00(4.75/lb)Mix'n'Match,5.00(,4.75/lb)Mix'n'Match
1124,Fox's U-Bet Chocolate Flavor Syrup,Fox's U-Bet Chocolate Flavor Syrup,pan_sale,shop,22oz," 	$2.09/ea $2.99Save 30%($1.51/pt)",2.09,ea ,2.99Save 30%(1.51/pt),1.51/pt),
1125,FreshDirect Berry Nutty Steel-Cut Oatmeal (Made with Organic Oats),FreshDirect Berry Nutty Steel-Cut Oatmeal (Made with Organic Oats),pan_sale,shop,10.7oz," 	$3.99/ea $4.99Any 2 Fresh Oatmeals for $7.00($5.96/lb)Mix'n'Match",3.99,ea ,4.99Any 2 Fresh Oatmeals for 7.00(5.96/lb)Mix'n'Match,7.00(,5.96/lb)Mix'n'Match
1126,FreshDirect Cinnamon-Apple Pomegranate Steel-Cut Oatmeal,FreshDirect Cinnamon-Apple Pomegranate Steel-Cut Oatmeal,pan_sale,shop,10oz,"		$4.99/eaAny 2 Fresh Oatmeals for $7.00($7.92/lb)Mix'n'Match",4.99,eaAny 2 Fresh Oatmeals for ,7.00(7.92/lb)Mix'n'Match,7.92/lb)Mix'n'Match,
1127,FreshDirect Fresh Brioche Hamburger Rolls,FreshDirect Fresh Brioche Hamburger Rolls,pan_sale,shop,6pk,"		$5.49/eaAny 2 Brioche Varieties for $9.98($0.92/ct)Mix'n'Match",5.49,eaAny 2 Brioche Varieties for ,9.98(0.92/ct)Mix'n'Match,0.92/ct)Mix'n'Match,
1128,FreshDirect Fresh Potato Rolls,FreshDirect Fresh Potato Rolls,pan_sale,shop,6pk,"		$5.49/eaAny 2 Brioche Varieties for $9.98($0.92/ct)Mix'n'Match",5.49,eaAny 2 Brioche Varieties for ,9.98(0.92/ct)Mix'n'Match,0.92/ct)Mix'n'Match,
1129,FreshDirect Mini Cookies & Cream Cheesecake,FreshDirect Mini Cookies & Cream Cheesecake,pan_sale,shop,"2.5"", 3.2oz","		$3.29/eaAny 4 Select mini desserts for $12.00($3.29/ct)Mix'n'Match",3.29,eaAny 4 Select mini desserts for ,12.00(3.29/ct)Mix'n'Match,3.29/ct)Mix'n'Match,
1130,FreshDirect Mini Key Lime Cheesecake,FreshDirect Mini Key Lime Cheesecake,pan_sale,shop,"2.5"", 3.2oz","		$3.29/eaAny 4 Select mini desserts for $12.00($3.29/ct)Mix'n'Match",3.29,eaAny 4 Select mini desserts for ,12.00(3.29/ct)Mix'n'Match,3.29/ct)Mix'n'Match,
1131,FreshDirect Mini Lemon Tart,FreshDirect Mini Lemon Tart,pan_sale,shop,"4"", 2.7oz","		$4.69/eaAny 4 Select desserts for $16.00($4.69/ct)Mix'n'Match",4.69,eaAny 4 Select desserts for ,16.00(4.69/ct)Mix'n'Match,4.69/ct)Mix'n'Match,
1132,FreshDirect Mini Pecan Tart,FreshDirect Mini Pecan Tart,pan_sale,shop,"4"", 4.6oz","		$4.69/eaAny 4 Select desserts for $16.00($4.69/ct)Mix'n'Match",4.69,eaAny 4 Select desserts for ,16.00(4.69/ct)Mix'n'Match,4.69/ct)Mix'n'Match,
1133,FreshDirect Mixed Berry Tart,FreshDirect Mixed Berry Tart,pan_sale,shop,"10"""," 	$19.99/ea $21.99Save 8%($19.99/ct)",19.99,ea ,21.99Save 8%(19.99/ct),19.99/ct),
1134,FreshDirect Peach & Mascarpone Tart w/ Pistachios,FreshDirect Peach & Mascarpone Tart w/ Pistachios,pan_sale,shop,"9"""," 	$11.99/ea $14.99Save! 2 for $22.00($11.99/ct)",11.99,ea ,14.99Save! 2 for 22.00(11.99/ct),22.00(,11.99/ct)
1135,FreshDirect Perfectly Plain Steel-Cut Oatmeal (Made with Organic Oats),FreshDirect Perfectly Plain Steel-Cut Oatmeal (Made with Organic Oats),pan_sale,shop,10oz,"		$3.99/eaAny 2 Fresh Oatmeals for $7.00($6.33/lb)Mix'n'Match",3.99,eaAny 2 Fresh Oatmeals for ,7.00(6.33/lb)Mix'n'Match,6.33/lb)Mix'n'Match,
1136,"FreshDirect POWER! Peanut Butter, Banana and Flax Steel-Cut Oatmeal (Made with Organic Oats)","FreshDirect POWER! Peanut Butter, Banana and Flax Steel-Cut Oatmeal (Made with Organic Oats)",pan_sale,shop,11.6oz,"		$4.99/eaAny 2 Fresh Oatmeals for $7.00($6.84/lb)Mix'n'Match",4.99,eaAny 2 Fresh Oatmeals for ,7.00(6.84/lb)Mix'n'Match,6.84/lb)Mix'n'Match,
1137,FreshDirect Whole Wheat Pie & Quiche Shell,FreshDirect Whole Wheat Pie & Quiche Shell,pan_sale,shop,"2pk ( 9"")","		$5.99/2pkAny 2 Pie Shells for $11.00($3.00/ct)Mix'n'Match",5.99,2pkAny 2 Pie Shells for ,11.00(3.00/ct)Mix'n'Match,3.00/ct)Mix'n'Match,
1138,Gefen Baking Powder,Gefen Baking Powder,pan_sale,shop,8oz," 	1.60/ea $2.29Save 30%($3.20/lb)",1.6,/ea,2.29Save 30%(3.20/lb),3.20/lb),
1139,Gefen Cut Hearts of Palm,Gefen Cut Hearts of Palm,pan_sale,shop,14.1oz," 	$2.09/ea $2.99Save 30%($2.38/lb)",2.09,ea ,2.99Save 30%(2.38/lb),2.38/lb),
1140,Gefen Garlic Powder,Gefen Garlic Powder,pan_sale,shop,2.25oz," 	$2.42/ea $2.69Save 10%($17.29/lb)",2.42,ea ,2.69Save 10%(17.29/lb),17.29/lb),
1142,Gefen Sliced Beets,Gefen Sliced Beets,pan_sale,shop,15oz," 	$0.97/ea $1.39Save 30%($1.03/lb)",0.97,ea ,1.39Save 30%(1.03/lb),1.03/lb),
1143,"Glicks Finest Mushrooms, Stems & Pieces","Glicks Finest Mushrooms, Stems & Pieces",pan_sale,shop,8oz," 	$1.86/ea $2.19Save 15%($3.72/lb)",1.86,ea ,2.19Save 15%(3.72/lb),3.72/lb),
1144,Green Giant Sweet Peas,Green Giant Sweet Peas,pan_sale,shop,15oz,"		$1.49/eaSave! 10 for $10.00($1.59/lb)",1.49,eaSave! 10 for ,10.00(1.59/lb),1.59/lb),
1145,Jason Plain Bread Crumbs,Jason Plain Bread Crumbs,pan_sale,shop,15oz," 	$2.51/ea $3.59Save 30%($2.67/lb)",2.51,ea ,3.59Save 30%(2.67/lb),2.67/lb),
1146,Jason Seasoned Bread Crumbs,Jason Seasoned Bread Crumbs,pan_sale,shop,15oz," 	$3.77/ea $4.19Save 10%($4.01/lb)",3.77,ea ,4.19Save 10%(4.01/lb),4.01/lb),
1147,Kashi 7 Whole Grain Puffs,Kashi 7 Whole Grain Puffs,pan_sale,shop,6.5oz," 	$2.89/ea $3.49Save 16%",2.89,ea ,3.49Save 16%,,
1148,Kashi Heart to Heart Apple Cinnamon Instant Oatmeal,Kashi Heart to Heart Apple Cinnamon Instant Oatmeal,pan_sale,shop,8pk (12.1oz)," 	$3.89/ea $4.39Save 10%($5.12/lb)",3.89,ea ,4.39Save 10%(5.12/lb),5.12/lb),
1149,Kashi Heart to Heart Golden Maple Instant Oatmeal,Kashi Heart to Heart Golden Maple Instant Oatmeal,pan_sale,shop,8pk (12.1oz)," 	$3.89/ea $4.39Save 10%($5.12/lb)",3.89,ea ,4.39Save 10%(5.12/lb),5.12/lb),
1150,Kashi Honey Sunshine Cereal,Kashi Honey Sunshine Cereal,pan_sale,shop,10.5oz," 	$3.89/ea $4.39Save 10%($5.89/lb)",3.89,ea ,4.39Save 10%(5.89/lb),5.89/lb),
1151,Kashi Organic Promise Strawberry Fields Cereal,Kashi Organic Promise Strawberry Fields Cereal,pan_sale,shop,10.3oz," 	$3.89/ea $4.39Save 10%($6.08/lb)",3.89,ea ,4.39Save 10%(6.08/lb),6.08/lb),
1152,Kashi TLC Oatmeal Raisin Flax Cookies,Kashi TLC Oatmeal Raisin Flax Cookies,pan_sale,shop,8.6oz," 	$2.99/ea $3.69Save 18%($5.54/lb)",2.99,ea ,3.69Save 18%(5.54/lb),5.54/lb),
1153,Kashi TLC Peanut Peanut Butter Chewy Granola Bars,Kashi TLC Peanut Peanut Butter Chewy Granola Bars,pan_sale,shop,6pk (7.4oz)," 	$3.69/ea $4.19Save 12%($8.02/lb)",3.69,ea ,4.19Save 12%(8.02/lb),8.02/lb),
1154,Kashi TLC Pumpkin Spice Flax Crunchy Granola Bars,Kashi TLC Pumpkin Spice Flax Crunchy Granola Bars,pan_sale,shop,6pk (8.4oz)," 	$3.69/ea $4.19Save 12%($6.96/lb)",3.69,ea ,4.19Save 12%(6.96/lb),6.96/lb),
1155,Kashi TLC Roasted Almond Crunch Crunchy Granola Bars,Kashi TLC Roasted Almond Crunch Crunchy Granola Bars,pan_sale,shop,6pk (8.4oz)," 	$3.69/ea $4.19Save 12%($6.96/lb)",3.69,ea ,4.19Save 12%(6.96/lb),6.96/lb),
1156,Kedem Tea Biscuits Vanilla,Kedem Tea Biscuits Vanilla,pan_sale,shop,4.2oz.," 	$0.62/ea $0.89Save 30%($2.38/lb)",0.62,ea ,0.89Save 30%(2.38/lb),2.38/lb),
1157,"Kellogg's Special K Cereal, Cinnamon Pecan","Kellogg's Special K Cereal, Cinnamon Pecan",pan_sale,shop,12.1oz," 	$3.89/ea $4.59Save 15%($5.12/lb)",3.89,ea ,4.59Save 15%(5.12/lb),5.12/lb),
1158,"Kellogg's Special K Protein Meal Bars, Chocolate Peanut Butter","Kellogg's Special K Protein Meal Bars, Chocolate Peanut Butter",pan_sale,shop,"6ct, 1.59oz ea"," 	$6.39/ea $7.19Save 10%($10.65/lb)",6.39,ea ,7.19Save 10%(10.65/lb),10.65/lb),
1159,"Kellogg's Special K Protein Meal Bars, Double Chocolate","Kellogg's Special K Protein Meal Bars, Double Chocolate",pan_sale,shop,"6ct, 1.59oz ea"," 	$6.39/ea $7.19Save 10%($10.65/lb)",6.39,ea ,7.19Save 10%(10.65/lb),10.65/lb),
1160,"Kellogg's Special K Protein Meal Bars, Strawberry","Kellogg's Special K Protein Meal Bars, Strawberry",pan_sale,shop,"6ct, 1.59oz ea"," 	$6.39/ea $7.19Save 10%($10.65/lb)",6.39,ea ,7.19Save 10%(10.65/lb),10.65/lb),
1161,Lay's Kettle Cooked Potato Chips,Lay's Kettle Cooked Potato Chips,pan_sale,shop,8oz," 	$3.29/ea $3.49Any 2 Varieties for $6.00($6.21/lb)Mix'n'Match",3.29,ea ,3.49Any 2 Varieties for 6.00(6.21/lb)Mix'n'Match,6.00(,6.21/lb)Mix'n'Match
1162,Lay's Lightly Salted Potato Chips,Lay's Lightly Salted Potato Chips,pan_sale,shop,11.5oz," 	$3.79/ea $4.29Save 10%($5.26/lb)",3.79,ea ,4.29Save 10%(5.26/lb),5.26/lb),
1163,"Lay's Natural Potato Chips, Sea Salt","Lay's Natural Potato Chips, Sea Salt",pan_sale,shop,8.5oz," 	$3.59/ea $3.99Save 10%($6.77/lb)",3.59,ea ,3.99Save 10%(6.77/lb),6.77/lb),
1164,Lay's Sour Cream & Onion Potato Chips,Lay's Sour Cream & Onion Potato Chips,pan_sale,shop,10oz," 	$3.79/ea $4.29Save 10%($5.74/lb)",3.79,ea ,4.29Save 10%(5.74/lb),5.74/lb),
1165,Lay's Wavy Potato Chips,Lay's Wavy Potato Chips,pan_sale,shop,10.5oz," 	$3.79/ea $4.29Save 10%($5.49/lb)",3.79,ea ,4.29Save 10%(5.49/lb),5.49/lb),
1166,"Lesley Stowe Raincoast Crisps, Fig & Olive","Lesley Stowe Raincoast Crisps, Fig & Olive",pan_sale,shop,6oz," 	$5.59/ea $6.99Save 20%($14.71/lb)",5.59,ea ,6.99Save 20%(14.71/lb),14.71/lb),
1167,"Lesley Stowe Raincoast Crisps, Rosemary Raisin & Pecan","Lesley Stowe Raincoast Crisps, Rosemary Raisin & Pecan",pan_sale,shop,6oz," 	$5.59/ea $6.99Save 20%($14.71/lb)",5.59,ea ,6.99Save 20%(14.71/lb),14.71/lb),
1168,"Lesley Stowe Raincoast Crisps, Salty Date & Almond","Lesley Stowe Raincoast Crisps, Salty Date & Almond",pan_sale,shop,6oz," 	$5.59/ea $6.99Save 20%($14.71/lb)",5.59,ea ,6.99Save 20%(14.71/lb),14.71/lb),
1169,Lifestyle Foods Asian Fusion with Sesame Ginger Salad,Lifestyle Foods Asian Fusion with Sesame Ginger Salad,pan_sale,shop,6.7oz,"		$4.49/eaAny 2 Snacks for $8.00Mix'n'Match",4.49,eaAny 2 Snacks for ,8.00Mix'n'Match,,
1170,Lifestyle Foods Veg Out Snack Pack,Lifestyle Foods Veg Out Snack Pack,pan_sale,shop,5oz,"		$3.49/eaAny 2 Snacks for $6.00Mix'n'Match",3.49,eaAny 2 Snacks for ,6.00Mix'n'Match,,
1171,Lipton-Gefen Onion Soup & Dip Mix,Lipton-Gefen Onion Soup & Dip Mix,pan_sale,shop,1.9oz," 	$1.67/ea $2.39Save 30%($13.92/lb)",1.67,ea ,2.39Save 30%(13.92/lb),13.92/lb),
1172,Love Beets Organic Mild Vinegar Infused Beets,Love Beets Organic Mild Vinegar Infused Beets,pan_sale,shop,8oz," 	$3.49/ea $3.99Save 12%",3.49,ea ,3.99Save 12%,,
1173,Lundberg Organic Santa Fe Barbecue Rice Chips,Lundberg Organic Santa Fe Barbecue Rice Chips,pan_sale,shop,6oz," 	$3.19/ea $3.59Any 2 Chips for $6.00($8.39/lb)Mix'n'Match",3.19,ea ,3.59Any 2 Chips for 6.00(8.39/lb)Mix'n'Match,6.00(,8.39/lb)Mix'n'Match
1174,Lundberg Organic Sesame Seaweed Rice Chips,Lundberg Organic Sesame Seaweed Rice Chips,pan_sale,shop,6oz," 	$3.19/ea $3.59Any 2 Chips for $6.00($8.39/lb)Mix'n'Match",3.19,ea ,3.59Any 2 Chips for 6.00(8.39/lb)Mix'n'Match,6.00(,8.39/lb)Mix'n'Match
1179,"Materne GoGo Squeez Applesauce On The Go, Apple Cherry","Materne GoGo Squeez Applesauce On The Go, Apple Cherry",pan_sale,shop,"4pk, 3.2oz ea","		$3.49/eaAny 3 GoGo squeeZ apple sauce for $9.00($4.36/lb)Mix'n'Match",3.49,eaAny 3 GoGo squeeZ apple sauce for ,9.00(4.36/lb)Mix'n'Match,4.36/lb)Mix'n'Match,
1180,"Materne GoGo Squeez Applesauce On The Go, Apple Grape","Materne GoGo Squeez Applesauce On The Go, Apple Grape",pan_sale,shop,"4pk, 3.2oz ea","		$3.49/eaAny 3 GoGo squeeZ apple sauce for $9.00($4.36/lb)Mix'n'Match",3.49,eaAny 3 GoGo squeeZ apple sauce for ,9.00(4.36/lb)Mix'n'Match,4.36/lb)Mix'n'Match,
1181,"Materne GoGo Squeez Organic Applesauce On The Go, Apple Strawberry","Materne GoGo Squeez Organic Applesauce On The Go, Apple Strawberry",pan_sale,shop,"4pk, 3.2oz ea"," 	$3.99/ea $4.99Save 20%($4.99/lb)",3.99,ea ,4.99Save 20%(4.99/lb),4.99/lb),
1182,Melitta 100% Chlorine-Free Basket Filters,Melitta 100% Chlorine-Free Basket Filters,pan_sale,shop,100 ct,"		$1.79/eaSave! 2 for $3.30($0.02/ct)",1.79,eaSave! 2 for ,3.30(0.02/ct),0.02/ct),
1183,Melitta Natural Brown Basket Coffee Filters,Melitta Natural Brown Basket Coffee Filters,pan_sale,shop,100ct,"		$1.89/eaSave! 2 for $3.50($0.02/ct)",1.89,eaSave! 2 for ,3.50(0.02/ct),0.02/ct),
1184,"Popchips All Natural Popped Chip Snack, Cheddar & Sour Cream Potato","Popchips All Natural Popped Chip Snack, Cheddar & Sour Cream Potato",pan_sale,shop,3.5oz," 	$2.69/ea $2.99Any 2 Pop Chips for $5.00($12.23/lb)Mix'n'Match",2.69,ea ,2.99Any 2 Pop Chips for 5.00(12.23/lb)Mix'n'Match,5.00(,12.23/lb)Mix'n'Match
1185,"Popchips All Natural Popped Chip Snack, Salt & Pepper Potato","Popchips All Natural Popped Chip Snack, Salt & Pepper Potato",pan_sale,shop,3.5oz," 	$2.69/ea $2.99Any 2 Pop Chips for $5.00($12.23/lb)Mix'n'Match",2.69,ea ,2.99Any 2 Pop Chips for 5.00(12.23/lb)Mix'n'Match,5.00(,12.23/lb)Mix'n'Match
1186,"Popchips All Natural Popped Chip Snack, Sour Cream & Onion Potato","Popchips All Natural Popped Chip Snack, Sour Cream & Onion Potato",pan_sale,shop,3.5oz," 	$2.69/ea $2.99Any 2 Pop Chips for $5.00($12.23/lb)Mix'n'Match",2.69,ea ,2.99Any 2 Pop Chips for 5.00(12.23/lb)Mix'n'Match,5.00(,12.23/lb)Mix'n'Match
1187,"Pulse Organic Roasted Chickpeas, Original","Pulse Organic Roasted Chickpeas, Original",pan_sale,shop,2oz," 	$2.49/ea $2.99Any 2 Pulse Snack for $4.00($19.15/lb)Mix'n'Match",2.49,ea ,2.99Any 2 Pulse Snack for 4.00(19.15/lb)Mix'n'Match,4.00(,19.15/lb)Mix'n'Match
1188,"Pulse Organic Roasted Chickpeas, Sea Salt & Garlic","Pulse Organic Roasted Chickpeas, Sea Salt & Garlic",pan_sale,shop,2oz," 	$2.49/ea $2.99Any 2 Pulse Snack for $4.00($19.15/lb)Mix'n'Match",2.49,ea ,2.99Any 2 Pulse Snack for 4.00(19.15/lb)Mix'n'Match,4.00(,19.15/lb)Mix'n'Match
1189,"Pulse Organic Roasted Chickpeas, Spicy Lemon Zest","Pulse Organic Roasted Chickpeas, Spicy Lemon Zest",pan_sale,shop,2oz," 	$2.49/ea $2.99Any 2 Pulse Snack for $4.00($19.15/lb)Mix'n'Match",2.49,ea ,2.99Any 2 Pulse Snack for 4.00(19.15/lb)Mix'n'Match,4.00(,19.15/lb)Mix'n'Match
1190,Roland Fish Sauce,Roland Fish Sauce,pan_sale,shop,6.76oz," 	$1.99/ea $2.29Save 12%($4.74/pt)",1.99,ea ,2.29Save 12%(4.74/pt),4.74/pt),
1192,Roland Medium Polenta,Roland Medium Polenta,pan_sale,shop,8.8oz," 	$1.89/ea $2.19Save 12%($3.44/lb)",1.89,ea ,2.19Save 12%(3.44/lb),3.44/lb),
1193,Roland Red Quinoa,Roland Red Quinoa,pan_sale,shop,12oz," 	$5.39/ea $6.79Save 20%($7.19/lb)",5.39,ea ,6.79Save 20%(7.19/lb),7.19/lb),
1194,Roland Sliced Bamboo Shoots,Roland Sliced Bamboo Shoots,pan_sale,shop,8oz," 	$0.95/ea $1.09Save 12%($1.90/lb)",0.95,ea ,1.09Save 12%(1.90/lb),1.90/lb),
1195,Roland Sun-Ripened Dried Tomatoes in Extra-Virgin Olive Oil,Roland Sun-Ripened Dried Tomatoes in Extra-Virgin Olive Oil,pan_sale,shop,10oz," 	$4.99/ea $5.79Save 14%($7.92/lb)",4.99,ea ,5.79Save 14%(7.92/lb),7.92/lb),
1196,Roland White Cooking Wine,Roland White Cooking Wine,pan_sale,shop,12.9oz," 	$2.09/ea $2.39Save 12%($2.58/pt)",2.09,ea ,2.39Save 12%(2.58/pt),2.58/pt),
1197,Roland Whole Baby Clams,Roland Whole Baby Clams,pan_sale,shop,10oz," 	$1.99/ea $2.29Save 12%($3.16/lb)",1.99,ea ,2.29Save 12%(3.16/lb),3.16/lb),
1198,"Rustic Bakery Handmade Sourdough Flatbread, Olive Oil & Sel Gris","Rustic Bakery Handmade Sourdough Flatbread, Olive Oil & Sel Gris",pan_sale,shop,6oz," 	$5.49/ea $6.99Any 2 Varieties for $10.00($14.45/lb)Mix'n'Match",5.49,ea ,6.99Any 2 Varieties for 10.00(14.45/lb)Mix'n'Match,10.00(,14.45/lb)Mix'n'Match
1199,Saffron Road Chicken Biryani,Saffron Road Chicken Biryani,pan_sale,shop,11oz," 	$4.99/ea $5.79Any 2 Meals for $8.00($7.23/lb)Mix'n'Match",4.99,ea ,5.79Any 2 Meals for 8.00(7.23/lb)Mix'n'Match,8.00(,7.23/lb)Mix'n'Match
1200,Saffron Road Chicken Pad Thai with Rice Noodles,Saffron Road Chicken Pad Thai with Rice Noodles,pan_sale,shop,11oz," 	$4.99/ea $5.79Any 2 Meals for $8.00($7.23/lb)Mix'n'Match",4.99,ea ,5.79Any 2 Meals for 8.00(7.23/lb)Mix'n'Match,8.00(,7.23/lb)Mix'n'Match
1201,Saffron Road Chicken Tikka Masala with Basmati Rice,Saffron Road Chicken Tikka Masala with Basmati Rice,pan_sale,shop,11oz," 	$4.99/ea $5.79Any 2 Meals for $8.00($7.23/lb)Mix'n'Match",4.99,ea ,5.79Any 2 Meals for 8.00(7.23/lb)Mix'n'Match,8.00(,7.23/lb)Mix'n'Match
1204,Season Imported Sardines In Pure Olive Oil,Season Imported Sardines In Pure Olive Oil,pan_sale,shop,4.3oz," 	$2.09/ea $2.99Save 30%",2.09,ea ,2.99Save 30%,,
1205,"Sir Kensington's All-Natural Mayonnaise, Chipotle","Sir Kensington's All-Natural Mayonnaise, Chipotle",pan_sale,shop,10oz," 	$5.39/ea $5.99Save 10%($8.56/pt)",5.39,ea ,5.99Save 10%(8.56/pt),8.56/pt),
1206,"Sir Kensington's All-Natural Mustard, Dijon","Sir Kensington's All-Natural Mustard, Dijon",pan_sale,shop,10oz," 	$5.39/ea $5.99Save 10%($8.56/pt)",5.39,ea ,5.99Save 10%(8.56/pt),8.56/pt),
1207,The Brooklyn Hot Dog Co.  Smoked & Uncured Classic Beef Dog,The Brooklyn Hot Dog Co.  Smoked & Uncured Classic Beef Dog,pan_sale,shop,13oz,"		$9.99/ea($12.33/lb)",9.99,ea(,12.33/lb),,
1208,"Sir Kensington's All-Natural Mustard, Spicy Brown","Sir Kensington's All-Natural Mustard, Spicy Brown",pan_sale,shop,10oz," 	$5.39/ea $5.99Save 10%($8.56/pt)",5.39,ea ,5.99Save 10%(8.56/pt),8.56/pt),
1209,"South of France Milled Bar Soap, Shea Butter","South of France Milled Bar Soap, Shea Butter",pan_sale,shop,6oz," 	$3.19/ea $3.99Save 20%($0.53/oz)",3.19,ea ,3.99Save 20%(0.53/oz),0.53/oz),
1210,"Tate's Bake Shop All Natural Cookies, Chocolate Chip Walnut","Tate's Bake Shop All Natural Cookies, Chocolate Chip Walnut",pan_sale,shop,7oz," 	$4.89/ea $5.49Save 10%($11.11/lb)",4.89,ea ,5.49Save 10%(11.11/lb),11.11/lb),
1211,"Tate's Bake Shop All Natural Cookies, Double Chocolate Chip","Tate's Bake Shop All Natural Cookies, Double Chocolate Chip",pan_sale,shop,7oz," 	$4.89/ea $5.49Save 10%($11.11/lb)",4.89,ea ,5.49Save 10%(11.11/lb),11.11/lb),
1212,"Tate's Bake Shop All Natural Cookies, Oatmeal Raisin","Tate's Bake Shop All Natural Cookies, Oatmeal Raisin",pan_sale,shop,7oz," 	$4.89/ea $5.49Save 10%($11.11/lb)",4.89,ea ,5.49Save 10%(11.11/lb),11.11/lb),
1213,"Tate's Bake Shop All Natural Cookies, White Chocolate Chip Macadamia Nut","Tate's Bake Shop All Natural Cookies, White Chocolate Chip Macadamia Nut",pan_sale,shop,7oz," 	$4.89/ea $5.49Save 10%($11.11/lb)",4.89,ea ,5.49Save 10%(11.11/lb),11.11/lb),
1214,"Tate's Bake Shop Gluten-Free All-Natural Cookies, Double Chocolate Chip","Tate's Bake Shop Gluten-Free All-Natural Cookies, Double Chocolate Chip",pan_sale,shop,7oz," 	$4.89/ea $5.49Save 10%($11.11/lb)",4.89,ea ,5.49Save 10%(11.11/lb),11.11/lb),
1215,"Tate's Bake Shop Gluten-Free All-Natural Cookies, Ginger Zinger","Tate's Bake Shop Gluten-Free All-Natural Cookies, Ginger Zinger",pan_sale,shop,7oz," 	$4.89/ea $5.49Save 10%($11.11/lb)",4.89,ea ,5.49Save 10%(11.11/lb),11.11/lb),
1216,The Grain Exchange Gluten-Free Oatmeal Caramel Delight Bar,The Grain Exchange Gluten-Free Oatmeal Caramel Delight Bar,pan_sale,shop,4.6oz,"		$2.99/eaAny 2 Grain Exchange for $5.00($2.99/ct)Mix'n'Match",2.99,eaAny 2 Grain Exchange for ,5.00(2.99/ct)Mix'n'Match,2.99/ct)Mix'n'Match,
1217,The Grain Exchange Gluten-Free Salted Caramel Brownie,The Grain Exchange Gluten-Free Salted Caramel Brownie,pan_sale,shop,4oz,"		$2.99/eaAny 2 Grain Exchange for $5.00($2.99/ct)Mix'n'Match",2.99,eaAny 2 Grain Exchange for ,5.00(2.99/ct)Mix'n'Match,2.99/ct)Mix'n'Match,
1218,Tostitos Chunky Salsa - Hot,Tostitos Chunky Salsa - Hot,pan_sale,shop,15.5oz jar," 	$3.29/ea $3.59Any 2 Varieties for $6.00($3.39/lb)Mix'n'Match",3.29,ea ,3.59Any 2 Varieties for 6.00(3.39/lb)Mix'n'Match,6.00(,3.39/lb)Mix'n'Match
1219,Tostitos Multigrain,Tostitos Multigrain,pan_sale,shop,9oz," 	$3.79/ea $4.29Save 10%($6.77/lb)",3.79,ea ,4.29Save 10%(6.77/lb),6.77/lb),
1220,Tostitos Natural Blue Corn Tortilla Chips,Tostitos Natural Blue Corn Tortilla Chips,pan_sale,shop,9oz," 	$3.19/ea $3.59Save 10%($5.70/lb)",3.19,ea ,3.59Save 10%(5.70/lb),5.70/lb),
1221,Westbrae Vegetarian Organic Red Beans,Westbrae Vegetarian Organic Red Beans,pan_sale,shop,15oz,"		$1.99/eaAny 3 Westbrae for $4.98($2.12/lb)Mix'n'Match",1.99,eaAny 3 Westbrae for ,4.98(2.12/lb)Mix'n'Match,2.12/lb)Mix'n'Match,
1222,"Wholly Guacamole Peel & Serve Tray, Classic","Wholly Guacamole Peel & Serve Tray, Classic",pan_sale,shop,8oz,"		$3.79/eaAny 2 Wholly Peel & Serve for $7.00($7.58/lb)Mix'n'Match",3.79,eaAny 2 Wholly Peel & Serve for ,7.00(7.58/lb)Mix'n'Match,7.58/lb)Mix'n'Match,
1223,Barilla Italian Entrées Bacon Flavored Tomato Sauce & Macaroni,Barilla Italian Entrées Bacon Flavored Tomato Sauce & Macaroni,pan_sale,shop,9oz," 	$2.29/ea $2.79Save 18%($4.09/lb)",2.29,ea ,2.79Save 18%(4.09/lb),4.09/lb),
1224,Barilla Italian Entrées Marinara Penne,Barilla Italian Entrées Marinara Penne,pan_sale,shop,9oz," 	$2.29/ea $2.79Save 18%($4.09/lb)",2.29,ea ,2.79Save 18%(4.09/lb),4.09/lb),
1225,Barilla Italian Entrées Meat Sauce Gemelli,Barilla Italian Entrées Meat Sauce Gemelli,pan_sale,shop,9oz," 	$2.29/ea $2.79Save 18%($4.09/lb)",2.29,ea ,2.79Save 18%(4.09/lb),4.09/lb),
1226,"Barrie House Coffee Capsules, French Roast","Barrie House Coffee Capsules, French Roast",pan_sale,shop,24ct,"		$14.99/eaSave! 2 for $22.00($0.62/ct)",14.99,eaSave! 2 for ,22.00(0.62/ct),0.62/ct),
1227,Bartenura Special Reserve Balsamic Vinegar,Bartenura Special Reserve Balsamic Vinegar,pan_sale,shop,250ml," 	$8.09/ea $8.99Save 10%($15.26/pt)",8.09,ea ,8.99Save 10%(15.26/pt),15.26/pt),
1228,Beigel & Beigel Sesame Pretzels,Beigel & Beigel Sesame Pretzels,pan_sale,shop,7oz," 	$1.25/ea $1.79Save 30%($2.84/lb)",1.25,ea ,1.79Save 30%(2.84/lb),2.84/lb),
1229,Bionaturae Organic Strained Tomatoes (No Salt Added),Bionaturae Organic Strained Tomatoes (No Salt Added),pan_sale,shop,24oz," 	$2.99/ea $3.49Save 14%($1.99/lb)",2.99,ea ,3.49Save 14%(1.99/lb),1.99/lb),
1230,Blanchard & Blanchard Gluten Free Honey Mustard,Blanchard & Blanchard Gluten Free Honey Mustard,pan_sale,shop,9oz," 	$2.79/ea $3.99Save 30%($4.98/pt)",2.79,ea ,3.99Save 30%(4.98/pt),4.98/pt),
1231,"Chef's Cut Real Steak Jerky, Chipotle Cracked Pepper","Chef's Cut Real Steak Jerky, Chipotle Cracked Pepper",pan_sale,shop,2.5oz," 	$5.29/ea $5.99Any 2 Jerky for $10.00($33.06/lb)Mix'n'Match",5.29,ea ,5.99Any 2 Jerky for 10.00(33.06/lb)Mix'n'Match,10.00(,33.06/lb)Mix'n'Match
1232,"Chef's Cut Real Steak Jerky, Original Recipe","Chef's Cut Real Steak Jerky, Original Recipe",pan_sale,shop,2.5oz," 	$5.29/ea $5.99Any 2 Jerky for $10.00($33.06/lb)Mix'n'Match",5.29,ea ,5.99Any 2 Jerky for 10.00(33.06/lb)Mix'n'Match,10.00(,33.06/lb)Mix'n'Match
1233,"Chef's Cut Real Turkey Jerky, Original Recipe","Chef's Cut Real Turkey Jerky, Original Recipe",pan_sale,shop,2.5oz," 	$5.29/ea $5.99Any 2 Jerky for $10.00($33.06/lb)Mix'n'Match",5.29,ea ,5.99Any 2 Jerky for 10.00(33.06/lb)Mix'n'Match,10.00(,33.06/lb)Mix'n'Match
1234,"Chic-a-Peas Baked Chickpea Snack, Falafel","Chic-a-Peas Baked Chickpea Snack, Falafel",pan_sale,shop,3oz," 	$3.59/ea $3.99Any 2 Chic-a-peas for $6.00($18.89/lb)Mix'n'Match",3.59,ea ,3.99Any 2 Chic-a-peas for 6.00(18.89/lb)Mix'n'Match,6.00(,18.89/lb)Mix'n'Match
1235,"Dagoba Organic Chocolate, Xocolatl w/ Chilies & Nibs (74% Cacao)","Dagoba Organic Chocolate, Xocolatl w/ Chilies & Nibs (74% Cacao)",pan_sale,shop,2.83oz,"		$3.69/eaSave! 2 for $6.50($20.50/lb)",3.69,eaSave! 2 for ,6.50(20.50/lb),20.50/lb),
1236,"Financier Patisserie Apple Galette, Oven-Ready","Financier Patisserie Apple Galette, Oven-Ready",pan_sale,shop,"Serves 4-6 (7"")"," 	$19.99/ea $24.99Save 20%($19.99/ct)",19.99,ea ,24.99Save 20%(19.99/ct),19.99/ct),
1237,Financier Patisserie Cassis White Chocolate Cake,Financier Patisserie Cassis White Chocolate Cake,pan_sale,shop,"Serves 8-10 (7"")"," 	$19.99/ea $24.99Save 20%($19.99/ct)",19.99,ea ,24.99Save 20%(19.99/ct),19.99/ct),
1238,Financier Patisserie Chocolate Mousse Cake,Financier Patisserie Chocolate Mousse Cake,pan_sale,shop,"Serves10-12 (9"")"," 	$29.99/ea $34.99Save 14%($29.99/ct)",29.99,ea ,34.99Save 14%(29.99/ct),29.99/ct),
1239,Financier Patisserie Individual Cassis White Chocolate Cake,Financier Patisserie Individual Cassis White Chocolate Cake,pan_sale,shop,NA,"		$5.99/eaAny 4 Select desserts for $22.00($5.99/ct)Mix'n'Match",5.99,eaAny 4 Select desserts for ,22.00(5.99/ct)Mix'n'Match,5.99/ct)Mix'n'Match,
1240,Financier Patisserie Individual Chocolate Mousse Cake,Financier Patisserie Individual Chocolate Mousse Cake,pan_sale,shop,NA,"		$5.99/eaAny 4 Select desserts for $22.00($5.99/ct)Mix'n'Match",5.99,eaAny 4 Select desserts for ,22.00(5.99/ct)Mix'n'Match,5.99/ct)Mix'n'Match,
1241,Financier Patisserie Individual Key Lime Tart,Financier Patisserie Individual Key Lime Tart,pan_sale,shop,NA,"		$5.99/eaAny 4 Select desserts for $22.00($5.99/ct)Mix'n'Match",5.99,eaAny 4 Select desserts for ,22.00(5.99/ct)Mix'n'Match,5.99/ct)Mix'n'Match,
1242,Financier Patisserie Individual Opera Cake,Financier Patisserie Individual Opera Cake,pan_sale,shop,NA,"		$5.99/eaAny 4 Select desserts for $22.00($5.99/ct)Mix'n'Match",5.99,eaAny 4 Select desserts for ,22.00(5.99/ct)Mix'n'Match,5.99/ct)Mix'n'Match,
1243,Financier Patisserie Individual Sacher-Torte,Financier Patisserie Individual Sacher-Torte,pan_sale,shop,NA,"		$5.99/eaAny 4 Select desserts for $22.00($5.99/ct)Mix'n'Match",5.99,eaAny 4 Select desserts for ,22.00(5.99/ct)Mix'n'Match,5.99/ct)Mix'n'Match,
1244,Financier Patisserie Individual Tiramisu,Financier Patisserie Individual Tiramisu,pan_sale,shop,NA,"		$5.99/eaAny 4 Select desserts for $22.00($5.99/ct)Mix'n'Match",5.99,eaAny 4 Select desserts for ,22.00(5.99/ct)Mix'n'Match,5.99/ct)Mix'n'Match,
1245,Financier Patisserie Tiramisu,Financier Patisserie Tiramisu,pan_sale,shop,"Serves 8-10 (7"")"," 	$24.99/ea $29.99Save 16%($24.99/ct)",24.99,ea ,29.99Save 16%(24.99/ct),24.99/ct),
1246,Fox's U-Bet Sugar-Free Chocolate Syrup,Fox's U-Bet Sugar-Free Chocolate Syrup,pan_sale,shop,18oz," 	$3.28/ea $4.69Save 30%($2.90/pt)",3.28,ea ,4.69Save 30%(2.90/pt),2.90/pt),
1247,Gefen Borscht,Gefen Borscht,pan_sale,shop,24oz," 	$2.33/ea $2.59Save 10%($1.55/lb)",2.33,ea ,2.59Save 10%(1.55/lb),1.55/lb),
1248,Gefen Natural Apple Sauce,Gefen Natural Apple Sauce,pan_sale,shop,46oz," 	$3.49/ea $4.99Save 30%($1.21/lb)",3.49,ea ,4.99Save 30%(1.21/lb),1.21/lb),
1249,Gefen Potato Pancake Latke Mix w/Onions,Gefen Potato Pancake Latke Mix w/Onions,pan_sale,shop,6oz," 	$2.09/ea $2.99Save 30%($5.50/lb)",2.09,ea ,2.99Save 30%(5.50/lb),5.50/lb),
1250,Gefen Whole Berry Cranberry Sauce,Gefen Whole Berry Cranberry Sauce,pan_sale,shop,16oz," 	$1.67/ea $2.39Save 30%($1.67/lb)",1.67,ea ,2.39Save 30%(1.67/lb),1.67/lb),
1251,Gefen Whole Canned Potatoes,Gefen Whole Canned Potatoes,pan_sale,shop,15oz," 	$1.25/ea $1.39Save 10%($1.33/lb)",1.25,ea ,1.39Save 10%(1.33/lb),1.33/lb),
1252,"Grady's  All-Natural Cold Brew Coffee Concentrate, Case","Grady's  All-Natural Cold Brew Coffee Concentrate, Case",pan_sale,shop,"12pk, 16oz"," 	$69.99/cs $85.99Save 18%($5.83/pt)",69.99,cs ,85.99Save 18%(5.83/pt),5.83/pt),
1253,Hershey's Milk Chocolate Bars,Hershey's Milk Chocolate Bars,pan_sale,shop,"6ct, 1.55oz ea"," 	$4.39/ea $4.99Save 12%($0.73/ct)",4.39,ea ,4.99Save 12%(0.73/ct),0.73/ct),
1254,Kashi GOLEAN Crunch! Cereal,Kashi GOLEAN Crunch! Cereal,pan_sale,shop,2.3oz," 	$1.39/ea $1.69Any 4 cereals for $5.00($9.93/lb)Mix'n'Match",1.39,ea ,1.69Any 4 cereals for 5.00(9.93/lb)Mix'n'Match,5.00(,9.93/lb)Mix'n'Match
1255,Kashi GOLEAN Honey & Cinnamon Instant Hot Cereal,Kashi GOLEAN Honey & Cinnamon Instant Hot Cereal,pan_sale,shop,11.28oz," 	$3.89/ea $4.39Save 10%($5.48/lb)",3.89,ea ,4.39Save 10%(5.48/lb),5.48/lb),
1256,Kashi GOLEAN Truly Vanilla Instant Hot Cereal,Kashi GOLEAN Truly Vanilla Instant Hot Cereal,pan_sale,shop,11.28oz," 	$3.89/ea $4.39Save 10%($5.48/lb)",3.89,ea ,4.39Save 10%(5.48/lb),5.48/lb),
1257,Kedem White Cooking Wine,Kedem White Cooking Wine,pan_sale,shop,12.7oz," 	$2.06/ea $2.29Save 10%($2.61/pt)",2.06,ea ,2.29Save 10%(2.61/pt),2.61/pt),
1258,"Keurig K-Cups, Café Escapes Chai Latte, Case","Keurig K-Cups, Café Escapes Chai Latte, Case",pan_sale,shop,72ct," 	$48.99/cs $65.94Save 25%($0.68/ct)",48.99,cs ,65.94Save 25%(0.68/ct),0.68/ct),
1259,"Keurig K-Cups, Café Escapes Dark Chocolate Hot Cocoa, Case","Keurig K-Cups, Café Escapes Dark Chocolate Hot Cocoa, Case",pan_sale,shop,72ct," 	$48.99/cs $65.94Save 25%($0.68/ct)",48.99,cs ,65.94Save 25%(0.68/ct),0.68/ct),
1260,"Keurig K-Cups, Caribou Coffee Daybreak Morning Blend, Case","Keurig K-Cups, Caribou Coffee Daybreak Morning Blend, Case",pan_sale,shop,72ct," 	$48.99/cs $65.94Save 25%($0.68/ct)",48.99,cs ,65.94Save 25%(0.68/ct),0.68/ct),
1261,"Keurig K-Cups, Caribou Coffee, Caribou Blend, Case","Keurig K-Cups, Caribou Coffee, Caribou Blend, Case",pan_sale,shop,72ct," 	$48.99/cs $65.94Save 25%($0.68/ct)",48.99,cs ,65.94Save 25%(0.68/ct),0.68/ct),
1262,"Keurig K-Cups, Donut House Coffee, Case","Keurig K-Cups, Donut House Coffee, Case",pan_sale,shop,72ct," 	$43.19/cs $53.94Save 20%($0.60/ct)",43.19,cs ,53.94Save 20%(0.60/ct),0.60/ct),
1263,"Keurig K-Cups, Donut House Decaf, Case","Keurig K-Cups, Donut House Decaf, Case",pan_sale,shop,72ct," 	$43.19/cs $53.94Save 20%($0.60/ct)",43.19,cs ,53.94Save 20%(0.60/ct),0.60/ct),
1264,"Keurig K-Cups, Eight O'Clock 100% Colombian Coffee, Case","Keurig K-Cups, Eight O'Clock 100% Colombian Coffee, Case",pan_sale,shop,72ct," 	$38.39/cs $47.94Save 20%($0.53/ct)",38.39,cs ,47.94Save 20%(0.53/ct),0.53/ct),
1265,"Keurig K-Cups, Eight O'Clock Dark Italian Roast Coffee, Case","Keurig K-Cups, Eight O'Clock Dark Italian Roast Coffee, Case",pan_sale,shop,72ct," 	$38.39/cs $47.94Save 20%($0.53/ct)",38.39,cs ,47.94Save 20%(0.53/ct),0.53/ct),
1266,"Keurig K-Cups, Eight O'Clock Hazelnut Coffee, Case","Keurig K-Cups, Eight O'Clock Hazelnut Coffee, Case",pan_sale,shop,72ct," 	$38.39/cs $47.94Save 20%($0.53/ct)",38.39,cs ,47.94Save 20%(0.53/ct),0.53/ct),
1267,"Keurig K-Cups, Green Mountain Coffee Breakfast Blend Decaf, Case","Keurig K-Cups, Green Mountain Coffee Breakfast Blend Decaf, Case",pan_sale,shop,72ct," 	$48.99/cs $65.94Save 25%($0.68/ct)",48.99,cs ,65.94Save 25%(0.68/ct),0.68/ct),
1268,"Keurig K-Cups, Green Mountain Coffee Breakfast Blend, Case","Keurig K-Cups, Green Mountain Coffee Breakfast Blend, Case",pan_sale,shop,72ct," 	$48.99/cs $65.94Save 25%($0.68/ct)",48.99,cs ,65.94Save 25%(0.68/ct),0.68/ct),
1269,"Keurig K-Cups, Green Mountain Coffee Caramel Vanilla Cream, Case","Keurig K-Cups, Green Mountain Coffee Caramel Vanilla Cream, Case",pan_sale,shop,72ct," 	$48.99/cs $65.94Save 25%($0.68/ct)",48.99,cs ,65.94Save 25%(0.68/ct),0.68/ct),
1270,"Keurig K-Cups, Green Mountain Coffee Colombian Fair Trade Select, Case","Keurig K-Cups, Green Mountain Coffee Colombian Fair Trade Select, Case",pan_sale,shop,72ct," 	$48.99/cs $65.94Save 25%($0.68/ct)",48.99,cs ,65.94Save 25%(0.68/ct),0.68/ct),
1271,"Keurig K-Cups, Green Mountain Coffee Dark Magic Decaf, Case","Keurig K-Cups, Green Mountain Coffee Dark Magic Decaf, Case",pan_sale,shop,72ct," 	$48.99/cs $65.94Save 25%($0.68/ct)",48.99,cs ,65.94Save 25%(0.68/ct),0.68/ct),
1272,"Keurig K-Cups, Green Mountain Coffee Dark Magic, Case","Keurig K-Cups, Green Mountain Coffee Dark Magic, Case",pan_sale,shop,72ct," 	$48.99/cs $65.94Save 25%($0.68/ct)",48.99,cs ,65.94Save 25%(0.68/ct),0.68/ct),
1273,"Keurig K-Cups, Green Mountain Coffee French Vanilla, Case","Keurig K-Cups, Green Mountain Coffee French Vanilla, Case",pan_sale,shop,72ct," 	$48.99/cs $65.94Save 25%($0.68/ct)",48.99,cs ,65.94Save 25%(0.68/ct),0.68/ct),
1274,"Keurig K-Cups, Green Mountain Coffee Half-Caff, Case","Keurig K-Cups, Green Mountain Coffee Half-Caff, Case",pan_sale,shop,72ct," 	$48.99/cs $65.94Save 25%($0.68/ct)",48.99,cs ,65.94Save 25%(0.68/ct),0.68/ct),
1275,"Keurig K-Cups, Green Mountain Coffee Hazelnut, Case","Keurig K-Cups, Green Mountain Coffee Hazelnut, Case",pan_sale,shop,72ct," 	$48.99/cs $65.94Save 25%($0.68/ct)",48.99,cs ,65.94Save 25%(0.68/ct),0.68/ct),
1276,"Keurig K-Cups, Green Mountain Coffee Nantucket Blend, Case","Keurig K-Cups, Green Mountain Coffee Nantucket Blend, Case",pan_sale,shop,72ct," 	$48.99/cs $65.94Save 25%($0.68/ct)",48.99,cs ,65.94Save 25%(0.68/ct),0.68/ct),
1277,"Keurig K-Cups, Green Mountain Coffee Sumatran Reserve, Case","Keurig K-Cups, Green Mountain Coffee Sumatran Reserve, Case",pan_sale,shop,72ct," 	$48.99/cs $65.94Save 25%($0.68/ct)",48.99,cs ,65.94Save 25%(0.68/ct),0.68/ct),
1278,"Keurig K-Cups, Newman's Own Special Blend, Case","Keurig K-Cups, Newman's Own Special Blend, Case",pan_sale,shop,72ct," 	$48.99/cs $65.94Save 25%($0.68/ct)",48.99,cs ,65.94Save 25%(0.68/ct),0.68/ct),
1279,"Keurig K-Cups, Newman's Own Special Decaf, Case","Keurig K-Cups, Newman's Own Special Decaf, Case",pan_sale,shop,72ct," 	$48.99/cs $65.94Save 25%($0.68/ct)",48.99,cs ,65.94Save 25%(0.68/ct),0.68/ct),
1280,"Keurig K-Cups, Swiss Miss Milk Chocolate Hot Cocoa, Case","Keurig K-Cups, Swiss Miss Milk Chocolate Hot Cocoa, Case",pan_sale,shop,72ct," 	$48.99/cs $65.94Save 25%($0.68/ct)",48.99,cs ,65.94Save 25%(0.68/ct),0.68/ct),
1281,"Keurig K-Cups, Tully's Coffee Breakfast Blend, Case","Keurig K-Cups, Tully's Coffee Breakfast Blend, Case",pan_sale,shop,72ct," 	$48.99/cs $65.94Save 25%($0.68/ct)",48.99,cs ,65.94Save 25%(0.68/ct),0.68/ct),
1282,"Keurig K-Cups, Tully's Coffee Italian Roast, Case","Keurig K-Cups, Tully's Coffee Italian Roast, Case",pan_sale,shop,72ct," 	$48.99/cs $65.94Save 25%($0.68/ct)",48.99,cs ,65.94Save 25%(0.68/ct),0.68/ct),
1283,"Lesley Stowe Raincoast Crisps, Cranberry Hazelnut","Lesley Stowe Raincoast Crisps, Cranberry Hazelnut",pan_sale,shop,6oz," 	$5.59/ea $6.99Save 20%($14.71/lb)",5.59,ea ,6.99Save 20%(14.71/lb),14.71/lb),
1284,"Lesley Stowe Raincoast Crisps, Original","Lesley Stowe Raincoast Crisps, Original",pan_sale,shop,6oz," 	$5.59/ea $6.99Save 20%($14.71/lb)",5.59,ea ,6.99Save 20%(14.71/lb),14.71/lb),
1285,Lifestyle Foods Garden Twist with Red Wine Citrus Salad,Lifestyle Foods Garden Twist with Red Wine Citrus Salad,pan_sale,shop,7.6oz,"		$4.49/eaAny 2 Snacks for $8.00Mix'n'Match",4.49,eaAny 2 Snacks for ,8.00Mix'n'Match,,
1286,Lifestyle Foods Spinach with Organic Vinaigrette Salad,Lifestyle Foods Spinach with Organic Vinaigrette Salad,pan_sale,shop,4.6oz,"		$4.49/eaAny 2 Snacks for $8.00Mix'n'Match",4.49,eaAny 2 Snacks for ,8.00Mix'n'Match,,
1287,"Lipton Chicken Flavor Consomme & Recipe Mix, Meat","Lipton Chicken Flavor Consomme & Recipe Mix, Meat",pan_sale,shop,14.1oz," 	$4.49/ea $4.99Save 10%($5.10/lb)",4.49,ea ,4.99Save 10%(5.10/lb),5.10/lb),
1288,Lipton Lower Sodium Chicken Flavor Consomme & Recipe Mix,Lipton Lower Sodium Chicken Flavor Consomme & Recipe Mix,pan_sale,shop,14.1oz," 	$3.84/ea $5.49Save 30%($4.36/lb)",3.84,ea ,5.49Save 30%(4.36/lb),4.36/lb),
1289,Lorenzo N° 5 Nocellara Del Belice From Pitted Olives Extra-Virgin Olive Oil,Lorenzo N° 5 Nocellara Del Belice From Pitted Olives Extra-Virgin Olive Oil,pan_sale,shop,16.9oz," 	$15.99/ea $19.99Save 20%($15.08/pt)",15.99,ea ,19.99Save 20%(15.08/pt),15.08/pt),
1290,Manischewitz Matzo Ball Mix,Manischewitz Matzo Ball Mix,pan_sale,shop,5oz," 	$2.44/ea $3.49Save 30%($7.87/lb)",2.44,ea ,3.49Save 30%(7.87/lb),7.87/lb),
1291,Manischewitz Potato Pancake Mix,Manischewitz Potato Pancake Mix,pan_sale,shop,6oz," 	$2.44/ea $3.49Save 30%($6.42/lb)",2.44,ea ,3.49Save 30%(6.42/lb),6.42/lb),
1292,"Orgain Healthy Kids Organic Nutritional Shake, Chocolate","Orgain Healthy Kids Organic Nutritional Shake, Chocolate",pan_sale,shop,"12ct, 8.25oz ea"," 	$19.99/ea $25.99Save 22%($3.23/pt)",19.99,ea ,25.99Save 22%(3.23/pt),3.23/pt),
1293,"Orgain Healthy Kids Organic Nutritional Shake, Strawberry","Orgain Healthy Kids Organic Nutritional Shake, Strawberry",pan_sale,shop,"12ct, 8.25oz ea"," 	$19.99/ea $25.99Save 22%($3.23/pt)",19.99,ea ,25.99Save 22%(3.23/pt),3.23/pt),
1294,"Orgain Healthy Kids Organic Nutritional Shake, Vanilla","Orgain Healthy Kids Organic Nutritional Shake, Vanilla",pan_sale,shop,"12ct, 8.25oz ea"," 	$19.99/ea $25.99Save 22%($3.23/pt)",19.99,ea ,25.99Save 22%(3.23/pt),3.23/pt),
1295,"Orgain Organic Nutritional Protein Shake, Creamy Chocolate Fudge","Orgain Organic Nutritional Protein Shake, Creamy Chocolate Fudge",pan_sale,shop,"12ct, 11oz ea"," 	$29.59/ea $35.99Save 16%($3.59/pt)",29.59,ea ,35.99Save 16%(3.59/pt),3.59/pt),
1296,"Orgain Organic Nutritional Shake, Creamy Chocolate Fudge","Orgain Organic Nutritional Shake, Creamy Chocolate Fudge",pan_sale,shop,"4ct, 11oz ea"," 	$8.79/ea $11.99Save 26%($3.20/pt)",8.79,ea ,11.99Save 26%(3.20/pt),3.20/pt),
1297,"Orgain Organic Nutritional Shake, Iced Café Mocha","Orgain Organic Nutritional Shake, Iced Café Mocha",pan_sale,shop,"4ct, 11oz ea"," 	$8.79/ea $11.99Save 26%($3.20/pt)",8.79,ea ,11.99Save 26%(3.20/pt),3.20/pt),
1298,"Orgain Organic Nutritional Shake, Strawberries And Cream","Orgain Organic Nutritional Shake, Strawberries And Cream",pan_sale,shop,"4ct, 11oz ea"," 	$8.79/ea $11.99Save 26%($3.20/pt)",8.79,ea ,11.99Save 26%(3.20/pt),3.20/pt),
1299,"Orgain Organic Nutritional Shake, Sweet Vanilla Bean","Orgain Organic Nutritional Shake, Sweet Vanilla Bean",pan_sale,shop,"4ct, 11oz ea"," 	$8.79/ea $11.99Save 26%($3.20/pt)",8.79,ea ,11.99Save 26%(3.20/pt),3.20/pt),
1300,"Orgain Organic Vegan Nutritional Shake, Smooth Chocolate","Orgain Organic Vegan Nutritional Shake, Smooth Chocolate",pan_sale,shop,"12ct, 11oz ea"," 	$26.39/ea $35.99Save 26%($3.20/pt)",26.39,ea ,35.99Save 26%(3.20/pt),3.20/pt),
1301,"Orgain Organic Vegan Nutritional Shake, Sweet Vanilla Bean","Orgain Organic Vegan Nutritional Shake, Sweet Vanilla Bean",pan_sale,shop,"12ct, 11oz ea"," 	$26.39/ea $35.99Save 26%($3.20/pt)",26.39,ea ,35.99Save 26%(3.20/pt),3.20/pt),
1302,Osem Mini Mandel Croutons,Osem Mini Mandel Croutons,pan_sale,shop,14.1oz," 	$2.79/ea $3.99Save 30%($3.17/lb)",2.79,ea ,3.99Save 30%(3.17/lb),3.17/lb),
1303,"Palmetto Cheese Spread, Jalapenos","Palmetto Cheese Spread, Jalapenos",pan_sale,shop,12oz," 	$5.89/ea $6.99Any 2 Palmetto Cheese Spreads for $10.00($7.85/lb)Mix'n'Match",5.89,ea ,6.99Any 2 Palmetto Cheese Spreads for 10.00(7.85/lb)Mix'n'Match,10.00(,7.85/lb)Mix'n'Match
1304,"Palmetto Cheese Spread, Original","Palmetto Cheese Spread, Original",pan_sale,shop,12oz," 	$5.89/ea $6.99Any 2 Palmetto Cheese Spreads for $10.00($7.85/lb)Mix'n'Match",5.89,ea ,6.99Any 2 Palmetto Cheese Spreads for 10.00(7.85/lb)Mix'n'Match,10.00(,7.85/lb)Mix'n'Match
1305,"Purely Elizabeth Ancient Grain Granola, Blueberry Hemp","Purely Elizabeth Ancient Grain Granola, Blueberry Hemp",pan_sale,shop,12oz," 	$5.89/ea $6.99Save 15%($7.85/lb)",5.89,ea ,6.99Save 15%(7.85/lb),7.85/lb),
1306,"Purely Elizabeth Ancient Grain Granola, Cranberry Pecan","Purely Elizabeth Ancient Grain Granola, Cranberry Pecan",pan_sale,shop,12oz," 	$5.89/ea $6.99Save 15%($7.85/lb)",5.89,ea ,6.99Save 15%(7.85/lb),7.85/lb),
1307,"Purely Elizabeth Ancient Grain Granola, Original","Purely Elizabeth Ancient Grain Granola, Original",pan_sale,shop,12oz," 	$5.89/ea $6.99Save 15%($7.85/lb)",5.89,ea ,6.99Save 15%(7.85/lb),7.85/lb),
1308,"Purely Elizabeth Ancient Grain Granola, Pumpkin Fig","Purely Elizabeth Ancient Grain Granola, Pumpkin Fig",pan_sale,shop,12oz," 	$5.89/ea $6.99Save 15%($7.85/lb)",5.89,ea ,6.99Save 15%(7.85/lb),7.85/lb),
1309,Roland Whole Lychees in Heavy Syrup,Roland Whole Lychees in Heavy Syrup,pan_sale,shop,20oz," 	$1.89/ea $2.19Save 12%($1.51/lb)",1.89,ea ,2.19Save 12%(1.51/lb),1.51/lb),
1310,"Rustic Bakery Handmade Sourdough Flatbread, Kalamata Olive","Rustic Bakery Handmade Sourdough Flatbread, Kalamata Olive",pan_sale,shop,6oz," 	$5.49/ea $6.99Any 2 Varieties for $10.00($14.45/lb)Mix'n'Match",5.49,ea ,6.99Any 2 Varieties for 10.00(14.45/lb)Mix'n'Match,10.00(,14.45/lb)Mix'n'Match
1311,"Rustic Bakery Handmade Sourdough Flatbread, Rosemary & Olive Oil","Rustic Bakery Handmade Sourdough Flatbread, Rosemary & Olive Oil",pan_sale,shop,6oz," 	$5.49/ea $6.99Any 2 Varieties for $10.00($14.45/lb)Mix'n'Match",5.49,ea ,6.99Any 2 Varieties for 10.00(14.45/lb)Mix'n'Match,10.00(,14.45/lb)Mix'n'Match
1312,"Salt of the Earth Bakery Brownies, The Kona","Salt of the Earth Bakery Brownies, The Kona",pan_sale,shop,"2pk, 3.2oz","		$3.49/eaAny 2 Select Brownies for $6.50($17.45/lb)Mix'n'Match",3.49,eaAny 2 Select Brownies for ,6.50(17.45/lb)Mix'n'Match,17.45/lb)Mix'n'Match,
1313,"Salt of the Earth Bakery Brownies, The OMGCB","Salt of the Earth Bakery Brownies, The OMGCB",pan_sale,shop,"2pk, 4.5oz","		$3.49/eaAny 2 Select Brownies for $6.50($12.46/lb)Mix'n'Match",3.49,eaAny 2 Select Brownies for ,6.50(12.46/lb)Mix'n'Match,12.46/lb)Mix'n'Match,
1314,"Salt of the Earth Bakery Cookies, The Chocoholic","Salt of the Earth Bakery Cookies, The Chocoholic",pan_sale,shop,"4pk, 8oz","		$4.99/eaAny 2 Select cookies for $8.50($9.98/lb)Mix'n'Match",4.99,eaAny 2 Select cookies for ,8.50(9.98/lb)Mix'n'Match,9.98/lb)Mix'n'Match,
1315,"Salt of the Earth Bakery Cookies, The Cookie","Salt of the Earth Bakery Cookies, The Cookie",pan_sale,shop,"4pk, 8oz","		$4.99/eaAny 2 Select cookies for $8.50($9.98/lb)Mix'n'Match",4.99,eaAny 2 Select cookies for ,8.50(9.98/lb)Mix'n'Match,9.98/lb)Mix'n'Match,
1316,"Salt of the Earth Bakery Cookies, The Wild Oat","Salt of the Earth Bakery Cookies, The Wild Oat",pan_sale,shop,"4pk, 8oz"," 	$4.49/ea $4.99Any 2 Select cookies for $8.50($8.98/lb)Mix'n'Match",4.49,ea ,4.99Any 2 Select cookies for 8.50(8.98/lb)Mix'n'Match,8.50(,8.98/lb)Mix'n'Match
1317,"Sir Kensington's All-Natural Ketchup, Classic","Sir Kensington's All-Natural Ketchup, Classic",pan_sale,shop,14oz," 	$4.49/ea $4.99Save 10%($5.10/pt)",4.49,ea ,4.99Save 10%(5.10/pt),5.10/pt),
1318,"Sir Kensington's All-Natural Ketchup, Spiced","Sir Kensington's All-Natural Ketchup, Spiced",pan_sale,shop,14oz," 	$4.49/ea $4.99Save 10%($5.10/pt)",4.49,ea ,4.99Save 10%(5.10/pt),5.10/pt),
1319,"South of France Bar Soap, Lemon Verbena","South of France Bar Soap, Lemon Verbena",pan_sale,shop,6oz," 	$3.91/ea $4.89Save 20%($0.65/oz)",3.91,ea ,4.89Save 20%(0.65/oz),0.65/oz),
1320,"South of France Liquid Soap, Shea Butter","South of France Liquid Soap, Shea Butter",pan_sale,shop,8oz," 	$3.59/ea $4.49Save 20%($0.45/oz)",3.59,ea ,4.49Save 20%(0.45/oz),0.45/oz),
1321,"South of France Milled Bar Soap, Lavender","South of France Milled Bar Soap, Lavender",pan_sale,shop,6oz," 	$3.19/ea $3.99Save 20%($0.53/oz)",3.19,ea ,3.99Save 20%(0.53/oz),0.53/oz),
1322,"South of France Ultra Moisturizing Liquid Soap, Lavender","South of France Ultra Moisturizing Liquid Soap, Lavender",pan_sale,shop,8oz," 	$3.59/ea $4.49Save 20%($0.45/oz)",3.59,ea ,4.49Save 20%(0.45/oz),0.45/oz),
1324,Swee-Touch-Nee No-Caffeine Tea Bags,Swee-Touch-Nee No-Caffeine Tea Bags,pan_sale,shop,24 bags," 	1.70/ea $1.89Save 10%($0.07/ct)",1.7,1.89Save 10%(,0.07/ct),,
1325,"Uniquely Greek Feta Cheese Spread, Fire Roasted Red Pepper","Uniquely Greek Feta Cheese Spread, Fire Roasted Red Pepper",pan_sale,shop,6.5oz," 	$4.99/ea $5.99Any 2 Uniquely Greek Feta Cheese for $8.00($12.17/lb)Mix'n'Match",4.99,ea ,5.99Any 2 Uniquely Greek Feta Cheese for 8.00(12.17/lb)Mix'n'Match,8.00(,12.17/lb)Mix'n'Match
1326,"Uniquely Greek Feta Cheese Spread, Spinach","Uniquely Greek Feta Cheese Spread, Spinach",pan_sale,shop,6.5oz," 	$4.99/ea $5.99Any 2 Uniquely Greek Feta Cheese for $8.00($12.17/lb)Mix'n'Match",4.99,ea ,5.99Any 2 Uniquely Greek Feta Cheese for 8.00(12.17/lb)Mix'n'Match,8.00(,12.17/lb)Mix'n'Match
1327,"Wholly Guacamole Peel & Serve Tray, Spicy Homestyle","Wholly Guacamole Peel & Serve Tray, Spicy Homestyle",pan_sale,shop,8oz,"		$3.79/eaAny 2 Wholly Peel & Serve for $7.00($7.58/lb)Mix'n'Match",3.79,eaAny 2 Wholly Peel & Serve for ,7.00(7.58/lb)Mix'n'Match,7.58/lb)Mix'n'Match,
1328,"Wholly Guacamole Pouch, Organic","Wholly Guacamole Pouch, Organic",pan_sale,shop,7oz," 	$3.49/ea $4.29Save! 2 for $6.00($7.93/lb)",3.49,ea ,4.29Save! 2 for 6.00(7.93/lb),6.00(,7.93/lb)
1329,"Hass Avocados, Ready-to-Eat","Hass Avocados, Ready-to-Eat",avocados_fruit,fruit,NA,"		$3.99/2pk",3.99,2pk,,,
1330,Limes,Limes,avocados_fruit,fruit,NA,"		$0.59/eaSave! 4 for $2.00",0.59,eaSave! 4 for ,2,,
1331,"Hass Avocado, Medium","Hass Avocado, Medium",avocados_fruit,fruit,NA,"		$2.49/eaSave! 2 for $4.00",2.49,eaSave! 2 for ,4,,
1332,"Organic Hass Avocados, Ready-to-Eat","Organic Hass Avocados, Ready-to-Eat",avocados_fruit,fruit,NA,"		$5.99/ea",5.99,ea,,,
1333,Organic Hass Avocado,Organic Hass Avocado,avocados_fruit,fruit,NA,"		$3.49/eaSave! 2 for $6.00",3.49,eaSave! 2 for ,6,,
1334,Shanley Farms Gator Eggs Avocados,Shanley Farms Gator Eggs Avocados,avocados_fruit,fruit,"6 pack, 1.5lb","		$5.99/ea",5.99,ea,,,
1335,Hass Avocados,Hass Avocados,avocados_fruit,fruit,NA,"		$8.69/5pk",8.69,5pk,,,
1336,"Green-Skinned Avocado, Firm, Large","Green-Skinned Avocado, Firm, Large",avocados_fruit,fruit,(about 12oz ea),"		$2.99/eaSave! 2 for $5.00",2.99,eaSave! 2 for ,5,,
1338,"FreshDirect Apple Crisp, Oven-Ready","FreshDirect Apple Crisp, Oven-Ready",pietrt,bakery,32oz,"		$11.99/ea($11.99/ct)",11.99,ea(,11.99/ct),,
1339,FreshDirect Cherry Wine Pie,FreshDirect Cherry Wine Pie,pietrt,bakery,"9""","		$14.99/ea($14.99/ct)",14.99,ea(,14.99/ct),,
1340,Häagen-Dazs Vanilla Ice Cream,Häagen-Dazs Vanilla Ice Cream,pietrt,bakery,14oz,"		$4.99/ea($5.67/lb)",4.99,ea(,5.67/lb),,
1341,FreshDirect Frozen Puff Pastry Dough,FreshDirect Frozen Puff Pastry Dough,pietrt,bakery,12oz (11in x 16in),"		$5.99/ea($7.99/lb)",5.99,ea(,7.99/lb),,
1342,FreshDirect Key Lime Tart,FreshDirect Key Lime Tart,pietrt,bakery,"9""","		$11.99/ea($11.99/ct)",11.99,ea(,11.99/ct),,
1347,FreshDirect Toasted Almond Frangipane Tart,FreshDirect Toasted Almond Frangipane Tart,pietrt,bakery,"6""","		$4.99/ea($4.99/ct)",4.99,ea(,4.99/ct),,
1349,Bread Alone Local Apple Pie,Bread Alone Local Apple Pie,pietrt,bakery,1.5lb,"		$19.99/ea($19.99/ct)",19.99,ea(,19.99/ct),,
1352,Bread Alone Local Strawberry Rhubarb Pie,Bread Alone Local Strawberry Rhubarb Pie,pietrt,bakery,1.5lb,"		$19.99/ea($19.99/ct)",19.99,ea(,19.99/ct),,
1353,FreshDirect Blueberry Pie,FreshDirect Blueberry Pie,pietrt,bakery,"9""","		$13.99/ea",13.99,ea,,,
1354,FreshDirect Bumbleberry Pie,FreshDirect Bumbleberry Pie,pietrt,bakery,"9""","		$13.99/ea",13.99,ea,,,
1392,FreshDirect Oven-Ready Rosemary Ciabatta,FreshDirect Oven-Ready Rosemary Ciabatta,pas_sale,shop,16oz," 	$1.99/ea $3.49Save 42%($1.99/lb)",1.99,ea ,3.49Save 42%(1.99/lb),1.99/lb),
1393,"Giovanni Rana All-Natural Ravioli, Mushroom","Giovanni Rana All-Natural Ravioli, Mushroom",pas_sale,shop,12oz," 	$4.39/ea $5.29Save 16%($5.85/lb)",4.39,ea ,5.29Save 16%(5.85/lb),5.85/lb),
1394,"Giovanni Rana All-Natural Ravioli, Spinaci e Ricotta","Giovanni Rana All-Natural Ravioli, Spinaci e Ricotta",pas_sale,shop,12oz," 	$4.59/ea $5.29Save! 2 for $9.00($6.12/lb)",4.59,ea ,5.29Save! 2 for 9.00(6.12/lb),9.00(,6.12/lb)
1395,"Giovanni Rana All-Natural Tortelloni, Cheese ""Delicato""","Giovanni Rana All-Natural Tortelloni, Cheese ""Delicato""",pas_sale,shop,12oz," 	$4.39/ea $5.29Save 16%($5.85/lb)",4.39,ea ,5.29Save 16%(5.85/lb),5.85/lb),
1409,"Giovanni Rana All-Natural Ravioli, Chicken Rosemary","Giovanni Rana All-Natural Ravioli, Chicken Rosemary",pas_sale,shop,12oz," 	$4.39/ea $5.29Save 16%($5.85/lb)",4.39,ea ,5.29Save 16%(5.85/lb),5.85/lb),
1417,Buitoni Mixed Cheese Tortellini,Buitoni Mixed Cheese Tortellini,pas_sale,shop,20oz," 	$5.99/ea $7.29Any 2 Buitoni 20oz Pasta for $10.00($4.79/lb)Mix'n'Match",5.99,ea ,7.29Any 2 Buitoni 20oz Pasta for 10.00(4.79/lb)Mix'n'Match,10.00(,4.79/lb)Mix'n'Match
1418,Buitoni Three Cheese Tortellini,Buitoni Three Cheese Tortellini,pas_sale,shop,20oz," 	$5.99/ea $7.29Any 2 Buitoni 20oz Pasta for $10.00($4.79/lb)Mix'n'Match",5.99,ea ,7.29Any 2 Buitoni 20oz Pasta for 10.00(4.79/lb)Mix'n'Match,10.00(,4.79/lb)Mix'n'Match
1420,Caviar Russe Salmon Roe,Caviar Russe Salmon Roe,pate,deli,4oz,"		$14.99/ea",14.99,ea,,,
1421,Caviar Russe American Hackleback Sturgeon Roe,Caviar Russe American Hackleback Sturgeon Roe,pate,deli,50g,"		$55.00/ea",55,ea,,,
1422,Caviar Russe Paddlefish Roe,Caviar Russe Paddlefish Roe,pate,deli,3.5oz,"		$79.00/ea",79,ea,,,
1423,"Caviar Russe Siberian Osetra Caviar, 1oz","Caviar Russe Siberian Osetra Caviar, 1oz",pate,deli,NA,"		$85.00/ea",85,ea,,,
1424,D'Artagnan Country Style Pate de Campagne,D'Artagnan Country Style Pate de Campagne,pate,deli,NA,"		$14.99/lb",14.99,lb,,,
1425,D'Artagnan Vegetable Terrine,D'Artagnan Vegetable Terrine,pate,deli,10oz,"		$9.99/ea",9.99,ea,,,
1426,"Dom Petroff Ossetra Caviar, Clamshell Pack","Dom Petroff Ossetra Caviar, Clamshell Pack",pate,deli,"2pk, 20g (0.75oz)","		$74.99/ea",74.99,ea,,,
1427,Dom Petroff Siberian Caviar,Dom Petroff Siberian Caviar,pate,deli,30g (1.06oz),"		$75.99/ea",75.99,ea,,,
1428,"Dom Petroff White Sturgeon Royal Caviar, Clamshell Pack","Dom Petroff White Sturgeon Royal Caviar, Clamshell Pack",pate,deli,"2pk, 20g (0.75oz)","		$45.99/ea",45.99,ea,,,
1429,D'Artagnan Mousse Truffee,D'Artagnan Mousse Truffee,pate,deli,7oz,"		$0.00/null",0,null,,,
1430,FreshDirect Oven-Ready French Baguette,FreshDirect Oven-Ready French Baguette,bgtt,bakery,"approx 15""","		$2.69/ea($2.69/ct)",2.69,ea(,2.69/ct),,
1431,Just FreshDirect Organic Unsalted Butter,Just FreshDirect Organic Unsalted Butter,bgtt,bakery,"4 sticks, 16oz","		$5.79/ea($5.79/lb)",5.79,ea(,5.79/lb),,
1432,"FreshDirect Oven-Ready Plain Demi-Baguette, 2pk","FreshDirect Oven-Ready Plain Demi-Baguette, 2pk",bgtt,bakery,"approx. 9.5""","		$3.29/2pk($1.64/ct)",3.29,2pk(,1.64/ct),,
1434,FreshDirect Oven-Ready Sprouted Multigrain Baguette,FreshDirect Oven-Ready Sprouted Multigrain Baguette,bgtt,bakery,"approx 16""","		$2.99/ea($2.99/ct)",2.99,ea(,2.99/ct),,
1435,FreshDirect Oven-Ready Wheat Baguette,FreshDirect Oven-Ready Wheat Baguette,bgtt,bakery,"approx 16""","		$2.49/ea($2.49/ct)",2.49,ea(,2.49/ct),,
1436,Ocean Mist Farms Brussels Sprouts,Ocean Mist Farms Brussels Sprouts,cab,vegetables,NA,"		$3.99/eaSave! 2 for $7.00",3.99,eaSave! 2 for ,7,,
1437,Organic Baby Bok Choy,Organic Baby Bok Choy,cab,vegetables,1.5oz,"		$2.99/lb",2.99,lb,,,
1438,Just FreshDirect Ground Ginger,Just FreshDirect Ground Ginger,cab,vegetables,1.5oz,"		$3.49/ea($38.78/lb)",3.49,ea(,38.78/lb),,
1439,Shredded Brussels Sprouts,Shredded Brussels Sprouts,cab,vegetables,10oz,"		$5.99/ea",5.99,ea,,,
1440,Bok Choy,Bok Choy,cab,vegetables,NA,"		$1.99/lb",1.99,lb,,,
1441,"Green Cabbage, Medium","Green Cabbage, Medium",cab,vegetables,NA,"		$0.99/lb",0.99,lb,,,
1442,Organic Bok Choy,Organic Bok Choy,cab,vegetables,each,"		$2.49/lb",2.49,lb,,,
1443,Organic Green Cabbage,Organic Green Cabbage,cab,vegetables,NA,"		$1.99/lb",1.99,lb,,,
1444,Organic Red Cabbage,Organic Red Cabbage,cab,vegetables,NA,"		$2.29/lb",2.29,lb,,,
1445,Organic Shredded Red Cabbage,Organic Shredded Red Cabbage,cab,vegetables,6oz,"		$3.99/ea",3.99,ea,,,
1446,"Red Cabbage, Medium","Red Cabbage, Medium",cab,vegetables,NA,"		$0.99/lb",0.99,lb,,,
1447,Napa Cabbage,Napa Cabbage,cab,vegetables,NA,"		$1.49/lb",1.49,lb,,,
1448,Satur Farms Baby Bok Choy,Satur Farms Baby Bok Choy,cab,vegetables,NA,"		$3.49/eaAny 2 select Satur varieties for $6.00Mix'n'Match",3.49,eaAny 2 select Satur varieties for ,6.00Mix'n'Match,,
1449,Savoy Cabbage,Savoy Cabbage,cab,vegetables,NA,"		$1.49/lb",1.49,lb,,,
1450,Gotham Greens Cut Bok Choy,Gotham Greens Cut Bok Choy,cab,vegetables,4.5oz,"		$4.49/ea",4.49,ea,,,
1451,Ocean Mist Farms Kale Sprouts,Ocean Mist Farms Kale Sprouts,cab,vegetables,6oz pack,"		$4.99/ea",4.99,ea,,,
1452,Jersey Fresh Bok Choy,Jersey Fresh Bok Choy,cab,vegetables,1.5lb,"		$0.00/null",0,null,,,
1453,Driscoll's Strawberries,Driscoll's Strawberries,fru_sale,shop,1lb,"		$3.99/pkgSave! 2 for $7.00",3.99,pkgSave! 2 for ,7,,
1454,"Just FreshDirect Local Nonfat Greek Yogurt, Plain","Just FreshDirect Local Nonfat Greek Yogurt, Plain",fru_sale,shop,5.3oz,"		$1.29/ea($3.91/lb)",1.29,ea(,3.91/lb),,
1455,Lemons,Lemons,fru_sale,shop,NA,"		$0.89/eaSave! 4 for $3.00",0.89,eaSave! 4 for ,3,,
1456,Driscoll's Raspberries,Driscoll's Raspberries,fru_sale,shop,6oz,"		$3.99/pkgSave! 2 for $7.00",3.99,pkgSave! 2 for ,7,,
1457,Driscoll's Organic Strawberries,Driscoll's Organic Strawberries,fru_sale,shop,1lb," 	$4.49/ea $5.99Save! 2 for $8.00",4.49,ea ,5.99Save! 2 for 8,8,
1458,"Dagoba Organic Chocolate, Rich Dark Chocolate (74% Cacao)","Dagoba Organic Chocolate, Rich Dark Chocolate (74% Cacao)",fru_sale,shop,2.83oz,"		$3.69/ea($20.50/lb)",3.69,ea(,20.50/lb),,
1460,Green Seedless Grapes,Green Seedless Grapes,fru_sale,shop,NA," 	$2.99/lb $3.99Save! $2.50/lb for 2lb or more",2.99,lb ,3.99Save! 2.50/lb for 2lb or more,2.50/lb for 2lb or more,
1461,Red Cherries,Red Cherries,fru_sale,shop,NA," 	$5.99/lb $9.99Save 40%",5.99,lb ,9.99Save 40%,,
1462,Driscoll's Organic Raspberries,Driscoll's Organic Raspberries,fru_sale,shop,6oz,"		$4.99/pkgSave! 2 for $9.00",4.99,pkgSave! 2 for ,9,,
1464,Navel Orange,Navel Orange,fru_sale,shop,NA,"		$1.49/eaSave! 4 for $5.00",1.49,eaSave! 4 for ,5,,
1465,"Gala Apples, 4-Pack ","Gala Apples, 4-Pack ",fru_sale,shop,8oz," 	$2.49/4pk $3.99Save 36%",2.49,4pk ,3.99Save 36%,,
1466,Cabot Extra Sharp Cheddar Cheese Bar,Cabot Extra Sharp Cheddar Cheese Bar,fru_sale,shop,8oz,"		$3.59/ea($7.18/lb)",3.59,ea(,7.18/lb),,
1467,Driscoll's Blackberries,Driscoll's Blackberries,fru_sale,shop,6oz," 	$2.99/pkg $3.99Save 25%",2.99,pkg ,3.99Save 25%,,
1468,Truwhip Natural Whipped Topping,Truwhip Natural Whipped Topping,fru_sale,shop,10oz,"		$3.99/ea($6.33/lb)",3.99,ea(,6.33/lb),,
1469,Just FreshDirect Fresh-Squeezed Orange Juice,Just FreshDirect Fresh-Squeezed Orange Juice,fru_sale,shop,64oz,"		$5.99/eaSave! 3 for $15.00($1.50/pt)",5.99,eaSave! 3 for ,15.00(1.50/pt),1.50/pt),
1472,Sandstone Sugar Kiss Melon,Sandstone Sugar Kiss Melon,fru_sale,shop,NA," 	$3.49/ea $4.99Any 2 Melons for $6.00Mix'n'Match",3.49,ea ,4.99Any 2 Melons for 6.00Mix'n'Match,6.00Mix'n'Match,
1473,Organic Bartlett Pears,Organic Bartlett Pears,fru_sale,shop,NA," 	$1.79/lb $2.99Save 40%",1.79,lb ,2.99Save 40%,,
1477,Organic Lemons,Organic Lemons,fru_sale,shop,NA,"		$1.29/eaSave! 5 for $6.00",1.29,eaSave! 5 for ,6,,
1478,Fresh Berry Medley,Fresh Berry Medley,fru_sale,shop,8oz,"		$4.99/eaAny 2 Save on Cut Fruit! for $9.00Mix'n'Match",4.99,eaAny 2 Save on Cut Fruit! for ,9.00Mix'n'Match,,
1480,Organic Blueberries,Organic Blueberries,fru_sale,shop,1 pint," 	$4.99/ea $5.99Save! 2 for $9.00",4.99,ea ,5.99Save! 2 for 9,9,
1481,Fresh Cubed Cantaloupe,Fresh Cubed Cantaloupe,fru_sale,shop,8oz,"		$4.99/eaSave! 2 for $9.00",4.99,eaSave! 2 for ,9,,
1482,"Fruit & Cheese Platter, Small","Fruit & Cheese Platter, Small",fru_sale,shop,approx. 3.75lbs (Serves 6-8),"		$35.00/ea",35,ea,,,
1484,Organic Navel Orange,Organic Navel Orange,fru_sale,shop,NA,"		$1.99/eaSave! 4 for $7.00",1.99,eaSave! 4 for ,7,,
1485,Just FreshDirect Fresh-Squeezed Orange Juice,Just FreshDirect Fresh-Squeezed Orange Juice,fru_sale,shop,32oz,"		$2.99/eaSave! 2 for $4.00($1.50/pt)",2.99,eaSave! 2 for ,4.00(1.50/pt),1.50/pt),
1487,Organic Lemon Juice,Organic Lemon Juice,fru_sale,shop,4oz,"		$1.99/eaSave! 2 for $3.00($7.96/pt)",1.99,eaSave! 2 for ,3.00(7.96/pt),7.96/pt),
1490,Jersey Fresh Blueberries,Jersey Fresh Blueberries,fru_sale,shop,1 pint," 	$2.99/ea $3.49Save! 2 for $5.00",2.99,ea ,3.49Save! 2 for 5,5,
1491,Organic Green Seedless Grapes,Organic Green Seedless Grapes,fru_sale,shop,NA," 	$3.99/lb $4.99Save 20%",3.99,lb ,4.99Save 20%,,
1493,Sandstone Golden Kiss Melon,Sandstone Golden Kiss Melon,fru_sale,shop,NA," 	$3.49/ea $4.99Any 2 Melons for $6.00Mix'n'Match",3.49,ea ,4.99Any 2 Melons for 6.00Mix'n'Match,6.00Mix'n'Match,
1494,Sandstone Summer Kiss Galia Melon,Sandstone Summer Kiss Galia Melon,fru_sale,shop,NA," 	$3.49/ea $4.99Any 2 Melons for $6.00Mix'n'Match",3.49,ea ,4.99Any 2 Melons for 6.00Mix'n'Match,6.00Mix'n'Match,
1495,Organic Anjou Pears,Organic Anjou Pears,fru_sale,shop,NA," 	$1.99/lb $3.49Save 42%",1.99,lb ,3.49Save 42%,,
1497,Fresh Halved Strawberries ,Fresh Halved Strawberries ,fru_sale,shop,8oz,"		$4.99/eaAny 2 Save on Cut Fruit! for $9.00Mix'n'Match",4.99,eaAny 2 Save on Cut Fruit! for ,9.00Mix'n'Match,,
1498,Fresh Pink Grapefruit Segments,Fresh Pink Grapefruit Segments,fru_sale,shop,8oz,"		$4.99/eaAny 2 $4.99 cut fruit for $9.00Mix'n'Match",4.99,eaAny 2 ,4.99 cut fruit for 9.00Mix'n'Match,9.00Mix'n'Match,
1499,Fresh Red Seedless Grapes,Fresh Red Seedless Grapes,fru_sale,shop,8oz,"		$3.99/eaAny 2 $3.99 cut fruit for $7.00Mix'n'Match",3.99,eaAny 2 ,3.99 cut fruit for 7.00Mix'n'Match,7.00Mix'n'Match,
1500,Organic Cantaloupe,Organic Cantaloupe,fru_sale,shop,NA,"		$4.99/eaSave! 2 for $9.00",4.99,eaSave! 2 for ,9,,
1501,Red Grapefruit,Red Grapefruit,fru_sale,shop,NA,"		$1.69/eaSave! 4 for $6.00",1.69,eaSave! 4 for ,6,,
1502,Family Tree Farms Plumogranate,Family Tree Farms Plumogranate,fru_sale,shop,NA," 	$2.99/lb $3.99Save 25%",2.99,lb ,3.99Save 25%,,
1503,Jumbo Rainier Cherries,Jumbo Rainier Cherries,fru_sale,shop,NA," 	$7.99/lb $10.99Save 26%",7.99,lb ,10.99Save 26%,,
1504,Organic Red Cherries,Organic Red Cherries,fru_sale,shop,NA," 	$7.99/lb $9.99Save 20%",7.99,lb ,9.99Save 20%,,
1505,Pink Lemons,Pink Lemons,fru_sale,shop,NA,"		$1.49/eaSave! 4 for $5.00",1.49,eaSave! 4 for ,5,,
1506,Sandstone Honey Kiss Melon,Sandstone Honey Kiss Melon,fru_sale,shop,NA," 	$3.49/ea $4.99Any 2 Melons for $6.00Mix'n'Match",3.49,ea ,4.99Any 2 Melons for 6.00Mix'n'Match,6.00Mix'n'Match,
1507,Black Plum,Black Plum,fru_sale,shop,NA," 	$1.99/lb $2.99Save 32%",1.99,lb ,2.99Save 32%,,
1508,Driscoll's Blackberries,Driscoll's Blackberries,fru_sale,shop,12oz," 	$4.99/ea $5.99Save 16%",4.99,ea ,5.99Save 16%,,
1509,Fresh Cubed Papaya,Fresh Cubed Papaya,fru_sale,shop,8oz,"		$3.99/eaAny 2 $3.99 cut fruit for $7.00Mix'n'Match",3.99,eaAny 2 ,3.99 cut fruit for 7.00Mix'n'Match,7.00Mix'n'Match,
1510,"Seasonal Fresh Fruit Salad, Small","Seasonal Fresh Fruit Salad, Small",fru_sale,shop,8oz,"		$3.99/eaAny 2 $3.99 cut fruit for $7.00Mix'n'Match",3.99,eaAny 2 ,3.99 cut fruit for 7.00Mix'n'Match,7.00Mix'n'Match,
1511,Crunch Pak Sweet Apple Slices,Crunch Pak Sweet Apple Slices,fru_sale,shop,"6 bags, 2oz ea","		$4.99/eaSave! 2 for $8.00",4.99,eaSave! 2 for ,8,,
1512,Lifestyle Foods Essential Snack Pack,Lifestyle Foods Essential Snack Pack,fru_sale,shop,5.7oz,"		$3.49/eaAny 2 Snacks for $6.00Mix'n'Match",3.49,eaAny 2 Snacks for ,6.00Mix'n'Match,,
1513,Family Tree Farms Peach Pie Heirloom Peaches,Family Tree Farms Peach Pie Heirloom Peaches,fru_sale,shop,14oz," 	$3.99/ea $4.99Save! 2 for $7.00",3.99,ea ,4.99Save! 2 for 7,7,
1515,Organic Apricots,Organic Apricots,fru_sale,shop,NA," 	$3.99/lb $5.99Save 32%",3.99,lb ,5.99Save 32%,,
1516,Sandstone Fresh Cubed Sugar Kiss Melon,Sandstone Fresh Cubed Sugar Kiss Melon,fru_sale,shop,8oz,"		$3.99/eaSave! 2 for $6.00",3.99,eaSave! 2 for ,6,,
1519,Red Plums,Red Plums,fru_sale,shop,NA," 	$1.99/lb $2.99Save 32%",1.99,lb ,2.99Save 32%,,
1521,Fresh Navel Orange Segments,Fresh Navel Orange Segments,fru_sale,shop,8oz,"		$4.99/eaAny 2 Save on Cut Fruit! for $9.00Mix'n'Match",4.99,eaAny 2 Save on Cut Fruit! for ,9.00Mix'n'Match,,
1525,Harry's Berries Organic California Strawberries,Harry's Berries Organic California Strawberries,fru_sale,shop,16oz," 	$6.99/ea $8.99Save 22%",6.99,ea ,8.99Save 22%,,
1527,Crunch Pak Tart Apple Slices,Crunch Pak Tart Apple Slices,fru_sale,shop,"6 bags, 2oz ea","		$4.99/eaSave! 2 for $8.00",4.99,eaSave! 2 for ,8,,
1528,"Forager Organic Vegetable Juice Blend, Greens & Apple","Forager Organic Vegetable Juice Blend, Greens & Apple",fru_sale,shop,16oz," 	$5.99/ea $6.99Any 4 Forager for $20.00($5.99/pt)Mix'n'Match",5.99,ea ,6.99Any 4 Forager for 20.00(5.99/pt)Mix'n'Match,20.00(,5.99/pt)Mix'n'Match
1530,Interrupcion Fair Trade Asian Pear,Interrupcion Fair Trade Asian Pear,fru_sale,shop,NA,"		$2.99/eaSave! 2 for $5.00",2.99,eaSave! 2 for ,5,,
1532,Local Strawberries,Local Strawberries,fru_sale,shop,16oz," 	$2.99/ea $4.99Save! 2 for $5.00",2.99,ea ,4.99Save! 2 for 5,5,
1537,Crunch Pak Dipperz Sweet Apples with Carmel Dip,Crunch Pak Dipperz Sweet Apples with Carmel Dip,fru_sale,shop,2.75oz,"		$1.99/eaAny 2 Save on Crunch Pak Dipperz for $3.00Mix'n'Match",1.99,eaAny 2 Save on Crunch Pak Dipperz for ,3.00Mix'n'Match,,
1538,"Crunch Pak Kids Foodles Apple, Cheese & Grapes","Crunch Pak Kids Foodles Apple, Cheese & Grapes",fru_sale,shop,5oz,"		$3.49/eaAny 2 Save on Crunch Pak for $6.00Mix'n'Match",3.49,eaAny 2 Save on Crunch Pak for ,6.00Mix'n'Match,,
1539,"Crunch Pak Kids Marvel Apples, Pretzels , Cheese Snackers","Crunch Pak Kids Marvel Apples, Pretzels , Cheese Snackers",fru_sale,shop,4.75oz,"		$3.49/eaAny 2 Save on Crunch Pak for $6.00Mix'n'Match",3.49,eaAny 2 Save on Crunch Pak for ,6.00Mix'n'Match,,
1540,"Forager Organic Nut Milk Blend, Nuts & Chocolate","Forager Organic Nut Milk Blend, Nuts & Chocolate",fru_sale,shop,16oz," 	$5.99/ea $6.99Any 4 Forager for $20.00($5.99/pt)Mix'n'Match",5.99,ea ,6.99Any 4 Forager for 20.00(5.99/pt)Mix'n'Match,20.00(,5.99/pt)Mix'n'Match
1541,"Forager Organic Nut Milk Blend, Nuts & Coconut","Forager Organic Nut Milk Blend, Nuts & Coconut",fru_sale,shop,16oz," 	$5.99/ea $6.99Any 4 Forager for $20.00($5.99/pt)Mix'n'Match",5.99,ea ,6.99Any 4 Forager for 20.00(5.99/pt)Mix'n'Match,20.00(,5.99/pt)Mix'n'Match
1542,"Forager Organic Nut Milk Blend, Nuts & Vanilla","Forager Organic Nut Milk Blend, Nuts & Vanilla",fru_sale,shop,16oz," 	$5.99/ea $6.99Any 4 Forager for $20.00($5.99/pt)Mix'n'Match",5.99,ea ,6.99Any 4 Forager for 20.00(5.99/pt)Mix'n'Match,20.00(,5.99/pt)Mix'n'Match
1543,"Forager Organic Nut Milk, Nuts & Coffee","Forager Organic Nut Milk, Nuts & Coffee",fru_sale,shop,16oz," 	$5.99/ea $6.99Any 4 Forager for $20.00($5.99/pt)Mix'n'Match",5.99,ea ,6.99Any 4 Forager for 20.00(5.99/pt)Mix'n'Match,20.00(,5.99/pt)Mix'n'Match
1544,"Forager Organic Nut Milk, Nuts & Matcha","Forager Organic Nut Milk, Nuts & Matcha",fru_sale,shop,16oz," 	$5.99/ea $6.99Any 4 Forager for $20.00($5.99/pt)Mix'n'Match",5.99,ea ,6.99Any 4 Forager for 20.00(5.99/pt)Mix'n'Match,20.00(,5.99/pt)Mix'n'Match
1545,"Forager Organic Vegetable Juice Blend, Greens & Greens","Forager Organic Vegetable Juice Blend, Greens & Greens",fru_sale,shop,16oz," 	$5.99/ea $6.99Any 4 Forager for $20.00($5.99/pt)Mix'n'Match",5.99,ea ,6.99Any 4 Forager for 20.00(5.99/pt)Mix'n'Match,20.00(,5.99/pt)Mix'n'Match
1546,"Forager Organic Vegetable Juice Blend, Greens & Orange","Forager Organic Vegetable Juice Blend, Greens & Orange",fru_sale,shop,16oz," 	$5.99/ea $6.99Any 4 Forager for $20.00($5.99/pt)Mix'n'Match",5.99,ea ,6.99Any 4 Forager for 20.00(5.99/pt)Mix'n'Match,20.00(,5.99/pt)Mix'n'Match
1547,"Forager Organic Vegetable Juice Blend, Greens & Pineapple","Forager Organic Vegetable Juice Blend, Greens & Pineapple",fru_sale,shop,16oz," 	$5.99/ea $6.99Any 4 Forager for $20.00($5.99/pt)Mix'n'Match",5.99,ea ,6.99Any 4 Forager for 20.00(5.99/pt)Mix'n'Match,20.00(,5.99/pt)Mix'n'Match
1548,"Forager Organic Vegetable Juice Blend, Roots","Forager Organic Vegetable Juice Blend, Roots",fru_sale,shop,16oz," 	$5.99/ea $6.99Any 4 Forager for $20.00($5.99/pt)Mix'n'Match",5.99,ea ,6.99Any 4 Forager for 20.00(5.99/pt)Mix'n'Match,20.00(,5.99/pt)Mix'n'Match
1549,Honeydrop Raw Manuka Honey Cold-Pressed Apple Ginger Lemon Daily Immunity Juice Beverage,Honeydrop Raw Manuka Honey Cold-Pressed Apple Ginger Lemon Daily Immunity Juice Beverage,fru_sale,shop,10floz," 	$5.49/ea $6.99Save! 2 for $10.00($8.71/pt)",5.49,ea ,6.99Save! 2 for 10.00(8.71/pt),10.00(,8.71/pt)
1550,Key Limes,Key Limes,fru_sale,shop,NA,"		$3.99/eaSave! 2 for $7.00",3.99,eaSave! 2 for ,7,,
1551,Black Velvet Apricot,Black Velvet Apricot,fru_sale,shop,NA,"		$1.29/eaSave! 4 for $4.00",1.29,eaSave! 4 for ,4,,
1552,Skyler Rae Premium Cherries,Skyler Rae Premium Cherries,fru_sale,shop,each," 	$7.99/lb $9.99Save 20%",7.99,lb ,9.99Save 20%,,
1554,"Red Grapefruit, Large","Red Grapefruit, Large",fru_sale,shop,NA,"		$1.69/eaSave! 4 for $6.00",1.69,eaSave! 4 for ,6,,
1555,"BluePrint Organic Cold Pressed-Juice, Arugula Kale","BluePrint Organic Cold Pressed-Juice, Arugula Kale",fru_sale,shop,16floz,"		$9.99/eaSave! 3 for $27.00($9.99/pt)",9.99,eaSave! 3 for ,27.00(9.99/pt),9.99/pt),
1556,"BluePrint Organic Cold Pressed-Juice, Chard Basil","BluePrint Organic Cold Pressed-Juice, Chard Basil",fru_sale,shop,16floz,"		$9.99/eaSave! 3 for $27.00($9.99/pt)",9.99,eaSave! 3 for ,27.00(9.99/pt),9.99/pt),
1557,BluePrint Organic Cold-Pressed Cashew Coffee,BluePrint Organic Cold-Pressed Cashew Coffee,fru_sale,shop,16oz,"		$11.99/eaSave! 2 for $18.00($11.99/pt)",11.99,eaSave! 2 for ,18.00(11.99/pt),11.99/pt),
1558,"Harmless Harvest 100% Raw Coconut Water with Fair Trade Coffee, Case","Harmless Harvest 100% Raw Coconut Water with Fair Trade Coffee, Case",fru_sale,shop,"12ct, 16oz ea"," 	$47.89/cs $59.99Save 20%($3.99/pt)",47.89,cs ,59.99Save 20%(3.99/pt),3.99/pt),
1559,Honeydrop Raw Local Honey Cold-Pressed Lemon Cayenne Cleanse Juice Beverage,Honeydrop Raw Local Honey Cold-Pressed Lemon Cayenne Cleanse Juice Beverage,fru_sale,shop,10floz," 	$3.49/ea $4.99Save 30%($5.54/pt)",3.49,ea ,4.99Save 30%(5.54/pt),5.54/pt),
1560,"Rawpothecary Cold Pressed Juice, Holla Piña","Rawpothecary Cold Pressed Juice, Holla Piña",fru_sale,shop,16floz,"		$7.99/eaSave! 2 for $14.00($7.99/pt)",7.99,eaSave! 2 for ,14.00(7.99/pt),7.99/pt),
1561,Red Jacket Joe's Cold-Pressed Clean Half & Half,Red Jacket Joe's Cold-Pressed Clean Half & Half,fru_sale,shop,12oz,"		$2.49/eaSave! 2 for $3.98($3.32/pt)",2.49,eaSave! 2 for ,3.98(3.32/pt),3.32/pt),
1562,Family Tree Farms Great White Pearlicious Nectarine,Family Tree Farms Great White Pearlicious Nectarine,fru_sale,shop,NA," 	$2.99/lb $5.99Save 50%",2.99,lb ,5.99Save 50%,,
1563,"Forager Organic Nut Milk Blend, Walnuts & Honey","Forager Organic Nut Milk Blend, Walnuts & Honey",fru_sale,shop,16oz,"		$6.99/eaAny 4 Forager for $20.00($6.99/pt)Mix'n'Match",6.99,eaAny 4 Forager for ,20.00(6.99/pt)Mix'n'Match,6.99/pt)Mix'n'Match,
1564,90% Lean Ground Bison (Buffalo),90% Lean Ground Bison (Buffalo),mt_gmbrd,meat,12oz,"		$9.99/ea",9.99,ea,,,
1565,Bison (Buffalo) Burgers,Bison (Buffalo) Burgers,mt_gmbrd,meat,"4pk, 16oz"," 	$8.79/ea $10.99Save 20%",8.79,ea ,10.99Save 20%,,
1566,Bison Rib Eye Steak,Bison Rib Eye Steak,mt_gmbrd,meat,10oz,"		$16.99/ea",16.99,ea,,,
1567,Bison Sirloin Tip Steak,Bison Sirloin Tip Steak,mt_gmbrd,meat,7oz,"		$8.99/ea",8.99,ea,,,
1568,Bison Strip Steak,Bison Strip Steak,mt_gmbrd,meat,8oz,"		$9.99/ea",9.99,ea,,,
1569,Crescent Duck Farm Fresh Long Island Duck Breast,Crescent Duck Farm Fresh Long Island Duck Breast,mt_gmbrd,meat,NA,"		$13.49/lb",13.49,lb,,,
1570,Crescent Duck Farm Fresh Long Island Duckling,Crescent Duck Farm Fresh Long Island Duckling,mt_gmbrd,meat,NA,"		$3.99/lb",3.99,lb,,,
1571,"Poussin Rouge Heritage Cornish Hen, Raised without Antibiotics, Fresh","Poussin Rouge Heritage Cornish Hen, Raised without Antibiotics, Fresh",mt_gmbrd,meat,NA," 	$3.69/lb $4.69Save 20%",3.69,lb ,4.69Save 20%,,
1572,"Cornish Game Hens, Grade A, Fresh","Cornish Game Hens, Grade A, Fresh",mt_gmbrd,meat,NA,"		$3.99/lb",3.99,lb,,,
1573,"Cornish Game Hens, Grade A, Frozen","Cornish Game Hens, Grade A, Frozen",mt_gmbrd,meat,NA,"		$3.39/lb",3.39,lb,,,
1574,"Split Cornish Hen, Grade A , Fresh","Split Cornish Hen, Grade A , Fresh",mt_gmbrd,meat,NA,"		$3.99/lb",3.99,lb,,,
1575,1800 Reposado Reserva Tequila,1800 Reposado Reserva Tequila,vin_spirits_tequila,wine,750ml,"		$29.99/ea($39.99/l)",29.99,ea(,39.99/l),,
1576,1800 Silver Reserva Tequila,1800 Silver Reserva Tequila,vin_spirits_tequila,wine,750ml,"		$29.99/ea($39.99/l)",29.99,ea(,39.99/l),,
1578,Cimarron Reposado Tequila,Cimarron Reposado Tequila,vin_spirits_tequila,wine,1000ml,"		$29.99/ea($39.99/l)",29.99,ea(,39.99/l),,
1580,El Jimador Blanco Tequila,El Jimador Blanco Tequila,vin_spirits_tequila,wine,750ml,"		$21.99/ea($29.32/l)",21.99,ea(,29.32/l),,
1581,Boulaine Triple Sec,Boulaine Triple Sec,vin_spirits_tequila,wine,1L (1000ml),"		$8.99/ea($8.99/l)",8.99,ea(,8.99/l),,
1582,El Jimador Reposado Tequila,El Jimador Reposado Tequila,vin_spirits_tequila,wine,750ml,"		$22.99/ea($30.65/l)",22.99,ea(,30.65/l),,
1583,Espolòn Tequila Blanco,Espolòn Tequila Blanco,vin_spirits_tequila,wine,750ml,"		$27.99/ea($37.32/l)",27.99,ea(,37.32/l),,
1584,Herradura Silver Tequila,Herradura Silver Tequila,vin_spirits_tequila,wine,750ml,"		$29.99/ea($39.99/l)",29.99,ea(,39.99/l),,
1585,Jose Cuervo Especial Gold Tequila,Jose Cuervo Especial Gold Tequila,vin_spirits_tequila,wine,750ml,"		$22.99/ea($30.65/l)",22.99,ea(,30.65/l),,
1586,Jose Cuervo Especial Silver Tequila,Jose Cuervo Especial Silver Tequila,vin_spirits_tequila,wine,1L (1000ml),"		$24.99/ea($24.99/l)",24.99,ea(,24.99/l),,
1587,Jose Cuervo Especial Silver Tequila,Jose Cuervo Especial Silver Tequila,vin_spirits_tequila,wine,750ml,"		$21.99/ea($29.32/l)",21.99,ea(,29.32/l),,
1588,Patrón Silver Tequila,Patrón Silver Tequila,vin_spirits_tequila,wine,750ml,"		$54.99/ea($73.32/l)",54.99,ea(,73.32/l),,
1589,Cointreau Orange Liqueur,Cointreau Orange Liqueur,vin_spirits_tequila,wine,375ml,"		$22.99/ea($61.31/l)",22.99,ea(,61.31/l),,
1590,Skinnygirl Margarita,Skinnygirl Margarita,vin_spirits_tequila,wine,750ml,"		$14.99/ea($19.99/l)",14.99,ea(,19.99/l),,
1591,Carnation Milk Chocolate Instant Breakfast,Carnation Milk Chocolate Instant Breakfast,gro_bever_dieta,beverages,13oz,"		$5.39/ea($6.65/lb)",5.39,ea(,6.65/lb),,
1592,"Designer Whey Protein Powder, French Vanilla","Designer Whey Protein Powder, French Vanilla",gro_bever_dieta,beverages,12oz,"		$15.49/ea($20.65/lb)",15.49,ea(,20.65/lb),,
1593,"Ensure Plus Nutrition Shake, Milk Chocolate","Ensure Plus Nutrition Shake, Milk Chocolate",gro_bever_dieta,beverages,"6ct, 8oz ea","		$12.49/ea($4.16/pt)",12.49,ea(,4.16/pt),,
1594,Ensure Shake - Milk Chocolate,Ensure Shake - Milk Chocolate,gro_bever_dieta,beverages,8oz bottles 6pk,"		$11.99/ea($4.00/pt)",11.99,ea(,4.00/pt),,
1595,"Kellogg's Special K Protein Shake, Chocolate","Kellogg's Special K Protein Shake, Chocolate",gro_bever_dieta,beverages,"4ct, 10oz ea"," 	$6.29/ea $6.99Save 10%($2.52/pt)",6.29,ea ,6.99Save 10%(2.52/pt),2.52/pt),
1596,"Organic Valley Organic Balance Milk Protein Shake, Dark Chocolate","Organic Valley Organic Balance Milk Protein Shake, Dark Chocolate",gro_bever_dieta,beverages,"4ct, 11oz ea","		$10.99/ea($4.00/pt)",10.99,ea(,4.00/pt),,
1597,"Boost Plus Complete Nutritional Drink, Very Vanilla","Boost Plus Complete Nutritional Drink, Very Vanilla",gro_bever_dieta,beverages,"6ct, 8oz ea","		$12.99/ea($4.33/pt)",12.99,ea(,4.33/pt),,
1598,"Core Power Light Natural High Protein Shake, Chocolate","Core Power Light Natural High Protein Shake, Chocolate",gro_bever_dieta,beverages,11.5oz,"		$3.69/ea($5.12/pt)",3.69,ea(,5.12/pt),,
1599,"Core Power Light Natural High Protein Shake, Chocolate, Case","Core Power Light Natural High Protein Shake, Chocolate, Case",gro_bever_dieta,beverages,"12ct, 11.5oz ea","		$39.49/cs($4.58/pt)",39.49,cs(,4.58/pt),,
1600,"Core Power Light Natural High Protein Shake, Strawberry Banana","Core Power Light Natural High Protein Shake, Strawberry Banana",gro_bever_dieta,beverages,11.5oz,"		$3.69/ea($5.12/pt)",3.69,ea(,5.12/pt),,
1601,"Core Power Light Natural High Protein Shake, Strawberry Banana, Case","Core Power Light Natural High Protein Shake, Strawberry Banana, Case",gro_bever_dieta,beverages,"12ct, 11.5oz ea","		$39.49/cs($4.58/pt)",39.49,cs(,4.58/pt),,
1602,"Core Power Natural High Protein Shake, Banana","Core Power Natural High Protein Shake, Banana",gro_bever_dieta,beverages,11.5oz,"		$3.69/ea($5.12/pt)",3.69,ea(,5.12/pt),,
1603,"Core Power Natural High Protein Shake, Banana, Case","Core Power Natural High Protein Shake, Banana, Case",gro_bever_dieta,beverages,"12ct, 11.5oz ea","		$39.49/cs($4.58/pt)",39.49,cs(,4.58/pt),,
1604,"Core Power Natural High Protein Shake, Chocolate","Core Power Natural High Protein Shake, Chocolate",gro_bever_dieta,beverages,11.5oz,"		$3.69/ea($5.12/pt)",3.69,ea(,5.12/pt),,
1605,"Core Power Natural High Protein Shake, Chocolate, Case","Core Power Natural High Protein Shake, Chocolate, Case",gro_bever_dieta,beverages,"12ct, 11.5oz ea","		$39.49/cs($4.58/pt)",39.49,cs(,4.58/pt),,
1606,"Core Power Natural High Protein Shake, Vanilla","Core Power Natural High Protein Shake, Vanilla",gro_bever_dieta,beverages,11.5oz,"		$3.69/ea($5.12/pt)",3.69,ea(,5.12/pt),,
1607,"Core Power Natural High Protein Shake, Vanilla, Case","Core Power Natural High Protein Shake, Vanilla, Case",gro_bever_dieta,beverages,"12ct, 11.5oz ea","		$39.49/cs($4.58/pt)",39.49,cs(,4.58/pt),,
1608,"Designer Whey Protein Powder, French Vanilla","Designer Whey Protein Powder, French Vanilla",gro_bever_dieta,beverages,2lb,"		$35.99/ea($18.00/lb)",35.99,ea(,18.00/lb),,
1609,"Designer Whey Protein Powder, Gourmet Chocolate","Designer Whey Protein Powder, Gourmet Chocolate",gro_bever_dieta,beverages,2lb,"		$35.99/ea($18.00/lb)",35.99,ea(,18.00/lb),,
1610,"Ensure Clear Nutritional Drink, Peach","Ensure Clear Nutritional Drink, Peach",gro_bever_dieta,beverages,"4pk, 10oz ea","		$9.99/ea($4.00/pt)",9.99,ea(,4.00/pt),,
1611,"Ensure Nutrition Shake, Butter Pecan","Ensure Nutrition Shake, Butter Pecan",gro_bever_dieta,beverages,"6ct, 8oz ea","		$12.49/ea($4.16/pt)",12.49,ea(,4.16/pt),,
1612,"Ensure Plus Nutrition Shake, Strawberry","Ensure Plus Nutrition Shake, Strawberry",gro_bever_dieta,beverages,"6ct, 8oz ea","		$12.49/ea($4.16/pt)",12.49,ea(,4.16/pt),,
1613,"Ensure Plus Nutrition Shake, Vanilla","Ensure Plus Nutrition Shake, Vanilla",gro_bever_dieta,beverages,"6ct, 8oz ea","		$12.49/ea($4.16/pt)",12.49,ea(,4.16/pt),,
1614,Ensure Shake - Homemade Vanilla,Ensure Shake - Homemade Vanilla,gro_bever_dieta,beverages,8oz bottles 6pk,"		$11.99/ea($4.00/pt)",11.99,ea(,4.00/pt),,
1615,"Ensure Shake - Homemade Vanilla, Case","Ensure Shake - Homemade Vanilla, Case",gro_bever_dieta,beverages,"8oz bottle, 24 per case","		$42.99/cs($3.58/pt)",42.99,cs(,3.58/pt),,
1616,"Ensure Shake - Milk Chocolate, Case","Ensure Shake - Milk Chocolate, Case",gro_bever_dieta,beverages,"8oz bottle, 24 per case","		$42.99/cs($3.58/pt)",42.99,cs(,3.58/pt),,
1617,Ensure Shake - Strawberries & Cream,Ensure Shake - Strawberries & Cream,gro_bever_dieta,beverages,8oz bottles 6pk,"		$11.99/ea($4.00/pt)",11.99,ea(,4.00/pt),,
1618,"Glucerna Shake, Creamy Strawberry","Glucerna Shake, Creamy Strawberry",gro_bever_dieta,beverages,"6ct, 8oz ea","		$12.99/ea($4.33/pt)",12.99,ea(,4.33/pt),,
1619,"Glucerna Shake, Homemade Vanilla","Glucerna Shake, Homemade Vanilla",gro_bever_dieta,beverages,"6ct, 8oz ea","		$12.99/ea($4.33/pt)",12.99,ea(,4.33/pt),,
1620,"Glucerna Shake, Rich Chocolate","Glucerna Shake, Rich Chocolate",gro_bever_dieta,beverages,"6ct, 8oz ea","		$12.99/ea($4.33/pt)",12.99,ea(,4.33/pt),,
1621,"Kellogg's Special K Protein Shake, Vanilla","Kellogg's Special K Protein Shake, Vanilla",gro_bever_dieta,beverages,"4ct, 10oz ea"," 	$6.29/ea $6.99Save 10%($2.52/pt)",6.29,ea ,6.99Save 10%(2.52/pt),2.52/pt),
1622,"Muscle Milk 100 Calories Low-Fat Protein Shake, Chocolate","Muscle Milk 100 Calories Low-Fat Protein Shake, Chocolate",gro_bever_dieta,beverages,14oz,"		$3.69/ea($4.19/pt)",3.69,ea(,4.19/pt),,
1623,"Muscle Milk 100 Calories Low-Fat Protein Shake, Chocolate, Case","Muscle Milk 100 Calories Low-Fat Protein Shake, Chocolate, Case",gro_bever_dieta,beverages,"14oz, 12 per case","		$39.49/cs($3.76/pt)",39.49,cs(,3.76/pt),,
1624,"Muscle Milk Protein Nutrition Shake, Banana Crème","Muscle Milk Protein Nutrition Shake, Banana Crème",gro_bever_dieta,beverages,14oz,"		$3.69/ea($4.19/pt)",3.69,ea(,4.19/pt),,
1625,"Muscle Milk Protein Nutrition Shake, Banana Crème, Case","Muscle Milk Protein Nutrition Shake, Banana Crème, Case",gro_bever_dieta,beverages,"14oz, 12 per case","		$39.49/cs($3.76/pt)",39.49,cs(,3.76/pt),,
1626,"Muscle Milk Protein Nutrition Shake, Chocolate","Muscle Milk Protein Nutrition Shake, Chocolate",gro_bever_dieta,beverages,14oz,"		$3.69/ea($4.19/pt)",3.69,ea(,4.19/pt),,
1627,"Muscle Milk Protein Nutrition Shake, Chocolate, Case","Muscle Milk Protein Nutrition Shake, Chocolate, Case",gro_bever_dieta,beverages,"14oz, 12 per case","		$39.49/cs($3.76/pt)",39.49,cs(,3.76/pt),,
1628,"Muscle Milk Protein Nutrition Shake, Vanilla Crème","Muscle Milk Protein Nutrition Shake, Vanilla Crème",gro_bever_dieta,beverages,14oz,"		$3.69/ea($4.19/pt)",3.69,ea(,4.19/pt),,
1629,"Muscle Milk Protein Nutrition Shake, Vanilla Crème, Case","Muscle Milk Protein Nutrition Shake, Vanilla Crème, Case",gro_bever_dieta,beverages,"14oz, 12 per case","		$39.49/cs($3.76/pt)",39.49,cs(,3.76/pt),,
1640,"Organic Valley Organic Balance Milk Protein Shake, Vanilla Bean","Organic Valley Organic Balance Milk Protein Shake, Vanilla Bean",gro_bever_dieta,beverages,"4ct, 11oz ea","		$10.99/ea($4.00/pt)",10.99,ea(,4.00/pt),,
1641,"Organic Valley Organic Fuel High Protein Milk Shake, Chocolate","Organic Valley Organic Fuel High Protein Milk Shake, Chocolate",gro_bever_dieta,beverages,"4ct, 11oz ea","		$14.49/ea($5.27/pt)",14.49,ea(,5.27/pt),,
1642,"Organic Valley Organic Fuel High Protein Milk Shake, Vanilla","Organic Valley Organic Fuel High Protein Milk Shake, Vanilla",gro_bever_dieta,beverages,"4ct, 11oz ea","		$14.49/ea($5.27/pt)",14.49,ea(,5.27/pt),,
1643,"PediaSure Shake, Vanilla","PediaSure Shake, Vanilla",gro_bever_dieta,beverages,8floz,"		$12.99/ea",12.99,ea,,,
1644,"Boost Plus Complete Nutritional Drink, Rich Chocolate","Boost Plus Complete Nutritional Drink, Rich Chocolate",gro_bever_dieta,beverages,"6ct, 8oz ea","		$0.00/null($0.00/pt)",0,null(,0.00/pt),,
1645,"Designer Whey High-Protein Shake, French Vanilla","Designer Whey High-Protein Shake, French Vanilla",gro_bever_dieta,beverages,"4ct, 10.5oz ea","		$0.00/null($0.00/pt)",0,null(,0.00/pt),,
1646,"Designer Whey Protein Powder, Gourmet Chocolate","Designer Whey Protein Powder, Gourmet Chocolate",gro_bever_dieta,beverages,12oz,"		$0.00/null($0.00/oz)",0,null(,0.00/oz),,
1647,"Designer Whey Protein Powder, Plain & Simple","Designer Whey Protein Powder, Plain & Simple",gro_bever_dieta,beverages,12oz,"		$0.00/null",0,null,,,
1648,"Ensure High Protein Shake, Homemade Vanilla","Ensure High Protein Shake, Homemade Vanilla",gro_bever_dieta,beverages,"4ct, 14oz ea","		$0.00/null($0.00/pt)",0,null(,0.00/pt),,
1649,"Ensure Muscle Health Shake, Milk Chocolate","Ensure Muscle Health Shake, Milk Chocolate",gro_bever_dieta,beverages,"4ct, 8oz ea","		$0.00/null($0.00/pt)",0,null(,0.00/pt),,
1650,FreshDirect Frozen Sliced Multigrain Pullman Loaf,FreshDirect Frozen Sliced Multigrain Pullman Loaf,whlmlt,bakery,28oz,"		$4.69/ea($2.68/lb)",4.69,ea(,2.68/lb),,
1654,FreshDirect Oven-Ready Dark Wheat Bread,FreshDirect Oven-Ready Dark Wheat Bread,whlmlt,bakery,16oz,"		$2.49/ea($2.49/lb)",2.49,ea(,2.49/lb),,
1655,FreshDirect Oven-Ready Multigrain Rolls,FreshDirect Oven-Ready Multigrain Rolls,whlmlt,bakery,6 pack (15oz),"		$3.99/6pkSave! 2 for $7.00($0.66/ct)",3.99,6pkSave! 2 for ,7.00(0.66/ct),0.66/ct),
1657,Morningstar Farms Chik Patties,Morningstar Farms Chik Patties,fro_meatl,frozen,4pc (10oz),"		$4.99/ea($7.92/lb)",4.99,ea(,7.92/lb),,
1658,Morningstar Farms Chik'n Nuggets,Morningstar Farms Chik'n Nuggets,fro_meatl,frozen,12pc (10.5oz),"		$4.99/ea",4.99,ea,,,
1659,Morningstar Farms Veggie Breakfast Links,Morningstar Farms Veggie Breakfast Links,fro_meatl,frozen,10pc (8oz),"		$4.99/ea($9.98/lb)",4.99,ea(,9.98/lb),,
1660,Amy's California Veggie Burgers,Amy's California Veggie Burgers,fro_meatl,frozen,4pc (10oz),"		$5.99/ea($9.51/lb)",5.99,ea(,9.51/lb),,
1661,Dr. Praeger's Kale Veggie Burgers,Dr. Praeger's Kale Veggie Burgers,fro_meatl,frozen,"4pk, 2.5oz ea"," 	$4.29/ea $4.99Any 2 Varieties for $7.00($6.81/lb)Mix'n'Match",4.29,ea ,4.99Any 2 Varieties for 7.00(6.81/lb)Mix'n'Match,7.00(,6.81/lb)Mix'n'Match
1662,Morningstar Farms Garden Veggie Patties,Morningstar Farms Garden Veggie Patties,fro_meatl,frozen,4pc (9.5oz),"		$4.99/ea($8.46/lb)",4.99,ea(,8.46/lb),,
1663,Morningstar Farms Grillers Burger Style Veggie Recipe Crumbles,Morningstar Farms Grillers Burger Style Veggie Recipe Crumbles,fro_meatl,frozen,(12oz),"		$4.99/ea($6.65/lb)",4.99,ea(,6.65/lb),,
1664,Morningstar Farms Grillers Original,Morningstar Farms Grillers Original,fro_meatl,frozen,9oz,"		$4.99/ea($8.91/lb)",4.99,ea(,8.91/lb),,
1665,Morningstar Farms Spicy Black Bean Burger,Morningstar Farms Spicy Black Bean Burger,fro_meatl,frozen,9.5oz,"		$4.99/ea($8.46/lb)",4.99,ea(,8.46/lb),,
1666,Morningstar Farms Veggie Bacon Strips,Morningstar Farms Veggie Bacon Strips,fro_meatl,frozen,5.25oz,"		$4.99/ea($15.12/lb)",4.99,ea(,15.12/lb),,
1667,Morningstar Farms Veggie Breakfast Sausage Patties,Morningstar Farms Veggie Breakfast Sausage Patties,fro_meatl,frozen,8oz (6ct),"		$4.99/ea($9.98/lb)",4.99,ea(,9.98/lb),,
1668,Gardenburger Black Bean Chipotle Veggie Burgers,Gardenburger Black Bean Chipotle Veggie Burgers,fro_meatl,frozen,4pc (10oz),"		$4.29/ea($6.81/lb)",4.29,ea(,6.81/lb),,
1669,Gardenburger Original Veggie Burgers,Gardenburger Original Veggie Burgers,fro_meatl,frozen,4pc (10oz),"		$4.29/ea($6.81/lb)",4.29,ea(,6.81/lb),,
1670,Morningstar Farms Veggie Maple Flavored Sausage Patties,Morningstar Farms Veggie Maple Flavored Sausage Patties,fro_meatl,frozen,8oz,"		$4.99/ea($9.98/lb)",4.99,ea(,9.98/lb),,
1671,Dr. Praeger's California Veggie Burger,Dr. Praeger's California Veggie Burger,fro_meatl,frozen,11oz," 	$0.00/null $4.69Any 2 Varieties for $7.00($0.00/lb)Mix'n'Match",0,null ,4.69Any 2 Varieties for 7.00(0.00/lb)Mix'n'Match,7.00(,0.00/lb)Mix'n'Match
1674,Sour Kosher Dill Pickles,Sour Kosher Dill Pickles,picl,deli,NA,"		$2.49/lb",2.49,lb,,,
1675,Bread & Butter Pickle Chips,Bread & Butter Pickle Chips,picl,deli,NA,"		$2.29/lb",2.29,lb,,,
1679,Cornichon,Cornichon,picl,deli,NA,"		$4.99/lb",4.99,lb,,,
1680,Half-Sour Kosher Pickles,Half-Sour Kosher Pickles,picl,deli,NA,"		$2.49/lb",2.49,lb,,,
1692,Pickled Green Tomatoes,Pickled Green Tomatoes,picl,deli,NA,"		$2.49/lb",2.49,lb,,,
1702,"Local Harvest Angus Boneless Rib Eye Steak, Raised without Antibiotics","Local Harvest Angus Boneless Rib Eye Steak, Raised without Antibiotics",mea_lcl,shop,NA,"		$19.99/lb",19.99,lb,,,
1703,"Local Harvest Angus Boneless Sirloin Steak, Raised without Antibiotics","Local Harvest Angus Boneless Sirloin Steak, Raised without Antibiotics",mea_lcl,shop,NA,"		$11.99/lb",11.99,lb,,,
1704,"Local Harvest Angus Filet Mignon, Center-Cut, Raised without Antibiotics","Local Harvest Angus Filet Mignon, Center-Cut, Raised without Antibiotics",mea_lcl,shop,NA,"		$41.99/lb",41.99,lb,,,
1705,"Local Harvest Angus Flank Steak, Raised without Antibiotics","Local Harvest Angus Flank Steak, Raised without Antibiotics",mea_lcl,shop,NA,"		$14.99/lb",14.99,lb,,,
1706,"Local Harvest Angus NY Strip Steak, Raised without Antibiotics","Local Harvest Angus NY Strip Steak, Raised without Antibiotics",mea_lcl,shop,NA,"		$16.99/lb",16.99,lb,,,
1707,"Local Harvest Angus Bone-In Rib Steak, Raised without Antibiotics","Local Harvest Angus Bone-In Rib Steak, Raised without Antibiotics",mea_lcl,shop,NA,"		$18.99/lb",18.99,lb,,,
1708,"Local Harvest Angus Filet Mignon, Raised without Antibiotics","Local Harvest Angus Filet Mignon, Raised without Antibiotics",mea_lcl,shop,NA,"		$33.99/lb",33.99,lb,,,
1709,"Local Harvest Angus Skirt Steak, Raised without Antibiotics","Local Harvest Angus Skirt Steak, Raised without Antibiotics",mea_lcl,shop,NA,"		$0.00/null",0,null,,,
1710,"Local Harvest 80% Lean Angus Ground Beef, Raised Without Antibiotics","Local Harvest 80% Lean Angus Ground Beef, Raised Without Antibiotics",mea_lcl,shop,1lb pack,"		$7.99/eaSave! 2 for $13.00",7.99,eaSave! 2 for ,13,,
1711,"Local Harvest 90% Lean Angus Ground Beef, Raised Without Antibiotics","Local Harvest 90% Lean Angus Ground Beef, Raised Without Antibiotics",mea_lcl,shop,1lb pack,"		$8.99/eaSave! 2 for $15.00",8.99,eaSave! 2 for ,15,,
1713,"Local Harvest Angus Boneless Country-Style Short Ribs, Raised Without Antibiotics","Local Harvest Angus Boneless Country-Style Short Ribs, Raised Without Antibiotics",mea_lcl,shop,NA,"		$7.99/lb",7.99,lb,,,
1714,"Local Harvest Angus Denver Cut Steak, Raised Without Antibiotics","Local Harvest Angus Denver Cut Steak, Raised Without Antibiotics",mea_lcl,shop,NA,"		$10.99/lb",10.99,lb,,,
1715,"Local Harvest Angus Edge of Eye Steak, Raised Without Antibiotics","Local Harvest Angus Edge of Eye Steak, Raised Without Antibiotics",mea_lcl,shop,NA," 	$6.99/lb $8.99Save 22%",6.99,lb ,8.99Save 22%,,
1716,"Local Harvest Angus Eye Round Steak, Raised without Antibiotics","Local Harvest Angus Eye Round Steak, Raised without Antibiotics",mea_lcl,shop,NA,"		$8.99/lbSave! $6.29/lb for 2lb or more",8.99,lbSave! ,6.29/lb for 2lb or more,,
1717,"Local Harvest Angus Top Round London Broil, Raised without Antibiotics","Local Harvest Angus Top Round London Broil, Raised without Antibiotics",mea_lcl,shop,NA,"		$8.99/lb",8.99,lb,,,
1718,"Local Harvest Angus Top Sirloin Steak, Raised without Antibiotics","Local Harvest Angus Top Sirloin Steak, Raised without Antibiotics",mea_lcl,shop,NA,"		$10.99/lb",10.99,lb,,,
1719,"Local Harvest Angus Braciola, Raised Without Antibiotics","Local Harvest Angus Braciola, Raised Without Antibiotics",mea_lcl,shop,(2 - 3 slices per lb),"		$8.99/lb",8.99,lb,,,
1720,"Local Harvest Angus Sandwich Steak, Raised Without Antibiotics","Local Harvest Angus Sandwich Steak, Raised Without Antibiotics",mea_lcl,shop,(4 - 6 slices per lb),"		$8.99/lb",8.99,lb,,,
1721,"Local Harvest Angus Top Round Steak, Raised Without Antibiotics","Local Harvest Angus Top Round Steak, Raised Without Antibiotics",mea_lcl,shop,NA,"		$8.99/lb",8.99,lb,,,
1723,"Local Harvest Angus Beef Burgers, Raised Without Antibiotics","Local Harvest Angus Beef Burgers, Raised Without Antibiotics",mea_lcl,shop,"4pk, 5.3oz ea","		$9.99/eaabout $7.54/lb",9.99,eaabout ,7.54/lb,,
1724,"Local Harvest Angus Beef Stew Meat, Raised without Antibiotics","Local Harvest Angus Beef Stew Meat, Raised without Antibiotics",mea_lcl,shop,NA,"		$7.99/lb",7.99,lb,,,
1725,"Local Harvest Angus Round Beef Cubes, Raised without Antibiotics","Local Harvest Angus Round Beef Cubes, Raised without Antibiotics",mea_lcl,shop,NA,"		$7.99/lb",7.99,lb,,,
1726,"Local Harvest Beef Stir Fry Strips, Raised Without Antibiotics","Local Harvest Beef Stir Fry Strips, Raised Without Antibiotics",mea_lcl,shop,NA,"		$7.99/lb",7.99,lb,,,
1727,"Local Harvest Angus Beef Fajita Strips, Raised without Antibiotics","Local Harvest Angus Beef Fajita Strips, Raised without Antibiotics",mea_lcl,shop,NA,"		$7.99/lb",7.99,lb,,,
1728,"Local Harvest Angus Beef for Kabobs, Raised without Antibiotics","Local Harvest Angus Beef for Kabobs, Raised without Antibiotics",mea_lcl,shop,NA,"		$8.99/lb",8.99,lb,,,
1729,"Local Harvest Angus Beef Marrow Bones, Raised Without Antibiotics","Local Harvest Angus Beef Marrow Bones, Raised Without Antibiotics",mea_lcl,shop,pack,"		$4.99/lb",4.99,lb,,,
1730,"Local Harvest Angus Beef Short Ribs, Raised without Antibiotics","Local Harvest Angus Beef Short Ribs, Raised without Antibiotics",mea_lcl,shop,NA,"		$9.99/lb",9.99,lb,,,
1731,"Local Harvest Angus Beef Thin Sliced Short Ribs, Raised without Antibiotics","Local Harvest Angus Beef Thin Sliced Short Ribs, Raised without Antibiotics",mea_lcl,shop,approx 5ct/lb,"		$11.99/lbSave! $9.49/lb for 2lb or more",11.99,lbSave! ,9.49/lb for 2lb or more,,
1732,"Local Harvest Angus Filet Tips, Raised without Antibiotics","Local Harvest Angus Filet Tips, Raised without Antibiotics",mea_lcl,shop,NA,"		$26.99/lb",26.99,lb,,,
1733,"Local Harvest Pepper Steak, Raised without Antibiotics","Local Harvest Pepper Steak, Raised without Antibiotics",mea_lcl,shop,NA,"		$7.99/lb",7.99,lb,,,
1734,"Local Harvest Angus Beef Brisket, Raised without Antibiotics","Local Harvest Angus Beef Brisket, Raised without Antibiotics",mea_lcl,shop,NA," 	$7.99/lb $12.99Save 38%",7.99,lb ,12.99Save 38%,,
1735,"Local Harvest Angus Eye Round Roast, Raised without Antibiotics","Local Harvest Angus Eye Round Roast, Raised without Antibiotics",mea_lcl,shop,NA,"		$7.99/lb",7.99,lb,,,
1736,"Local Harvest Angus Bone-In Rib Roast, Raised without Antibiotics","Local Harvest Angus Bone-In Rib Roast, Raised without Antibiotics",mea_lcl,shop,NA,"		$16.99/lb",16.99,lb,,,
1737,"Local Harvest Angus Boneless America's Roast, Raised Without Antibiotics","Local Harvest Angus Boneless America's Roast, Raised Without Antibiotics",mea_lcl,shop,NA,"		$7.99/lb",7.99,lb,,,
1738,"Local Harvest Angus Bottom Round Rump Roast, Raised Without Antibiotics","Local Harvest Angus Bottom Round Rump Roast, Raised Without Antibiotics",mea_lcl,shop,NA,"		$7.99/lb",7.99,lb,,,
1739,"Local Harvest Angus Chateaubriand Roast, Raised Without Antibiotics","Local Harvest Angus Chateaubriand Roast, Raised Without Antibiotics",mea_lcl,shop,NA,"		$43.99/lb",43.99,lb,,,
1740,"Local Harvest Angus Rib Eye Roast, Raised without Antibiotics","Local Harvest Angus Rib Eye Roast, Raised without Antibiotics",mea_lcl,shop,NA,"		$17.99/lb",17.99,lb,,,
1741,"Local Harvest Angus Standing Rib Roast, Raised without Antibiotics","Local Harvest Angus Standing Rib Roast, Raised without Antibiotics",mea_lcl,shop,NA,"		$19.99/lb",19.99,lb,,,
1742,"Local Harvest Angus Top Round Roast, Raised without Antibiotics","Local Harvest Angus Top Round Roast, Raised without Antibiotics",mea_lcl,shop,NA,"		$8.99/lb",8.99,lb,,,
1743,"Local Harvest Angus Beef Stew Meat Family Pack, Raised without Antibiotics, 3lb","Local Harvest Angus Beef Stew Meat Family Pack, Raised without Antibiotics, 3lb",mea_lcl,shop,NA,"		$7.49/lb",7.49,lb,,,
1744,"Local Harvest Angus Top Sirloin Steak Family Pack, Raised without Antibiotics","Local Harvest Angus Top Sirloin Steak Family Pack, Raised without Antibiotics",mea_lcl,shop,NA,"		$9.49/lb",9.49,lb,,,
1745,"Local Harvest Angus Beef Fajita Strips Family Pack, Raised without Antibiotics","Local Harvest Angus Beef Fajita Strips Family Pack, Raised without Antibiotics",mea_lcl,shop,NA,"		$7.49/lb",7.49,lb,,,
1746,"Local Harvest Angus Beef Stew Meat Family Pack, Raised without Antibiotics, 5lb","Local Harvest Angus Beef Stew Meat Family Pack, Raised without Antibiotics, 5lb",mea_lcl,shop,NA,"		$6.99/lb",6.99,lb,,,
1747,"Local Harvest Angus NY Strip Steak, Family Pack, Raised without Antibiotics","Local Harvest Angus NY Strip Steak, Family Pack, Raised without Antibiotics",mea_lcl,shop,"1"" thick","		$15.99/lb",15.99,lb,,,
1748,"Local Harvest Angus Rib Eye Steak Family Pack, Raised without Antibiotics","Local Harvest Angus Rib Eye Steak Family Pack, Raised without Antibiotics",mea_lcl,shop,"1"" thick","		$17.99/lb",17.99,lb,,,
1749,"Epicurean Farms Local Heritage Chicken, Raised Without Antibiotics, Fresh","Epicurean Farms Local Heritage Chicken, Raised Without Antibiotics, Fresh",mea_lcl,shop,NA,"		$4.29/lb",4.29,lb,,,
1751,"Epicurean Farms Cut-Up Local Heritage Chicken, Raised without Antibiotics","Epicurean Farms Cut-Up Local Heritage Chicken, Raised without Antibiotics",mea_lcl,shop,8-piece pack,"		$5.29/lb",5.29,lb,,,
1753,Gianelli Breakfast Sausage Links,Gianelli Breakfast Sausage Links,mea_lcl,shop,NA,"		$5.49/lbAny 2 Gianelli Sausages for $3.99/lbMix'n'Match",5.49,lbAny 2 Gianelli Sausages for ,3.99/lbMix'n'Match,,
1754,Gianelli Sweet Italian Sausage Links,Gianelli Sweet Italian Sausage Links,mea_lcl,shop,1.3lb,"		$5.49/lbAny 2 Gianelli Sausages for $3.99/lbMix'n'Match",5.49,lbAny 2 Gianelli Sausages for ,3.99/lbMix'n'Match,,
1755,Organic Rainbow Pepper Pack,Organic Rainbow Pepper Pack,mea_lcl,shop,1.3lb,"		$9.99/ea",9.99,ea,,,
1756,Gianelli Hot Italian Sausage Links,Gianelli Hot Italian Sausage Links,mea_lcl,shop,"approx. 9.5""","		$5.49/lbAny 2 Gianelli Sausages for $3.99/lbMix'n'Match",5.49,lbAny 2 Gianelli Sausages for ,3.99/lbMix'n'Match,,
1758,Gianelli Sweet Italian Sausage Meat,Gianelli Sweet Italian Sausage Meat,mea_lcl,shop,NA,"		$5.49/lbAny 2 Gianelli Sausages for $3.99/lbMix'n'Match",5.49,lbAny 2 Gianelli Sausages for ,3.99/lbMix'n'Match,,
1759,Flying Pigs Farm Kielbasa,Flying Pigs Farm Kielbasa,mea_lcl,shop,NA,"		$12.49/lb",12.49,lb,,,
1760,Hudson Valley Harvest  Local Heritage Pork Sweet Italian Sausage,Hudson Valley Harvest  Local Heritage Pork Sweet Italian Sausage,mea_lcl,shop,"4 links per package, 1lb","		$10.99/pk",10.99,pk,,,
1761,Flying Pigs Farm Pork Liverwurst,Flying Pigs Farm Pork Liverwurst,mea_lcl,shop,NA," 	$9.59/lb $11.99Save 20%",9.59,lb ,11.99Save 20%,,
1762,Hudson Valley Harvest  Local Heritage Fresh Bone-In Assorted Pork Chops,Hudson Valley Harvest  Local Heritage Fresh Bone-In Assorted Pork Chops,mea_lcl,shop,1lb,"		$13.99/ea",13.99,ea,,,
1763,Hudson Valley Harvest  Local Heritage Pork Breakfast Sausage,Hudson Valley Harvest  Local Heritage Pork Breakfast Sausage,mea_lcl,shop,"4 links per package, 1lb","		$10.99/pk",10.99,pk,,,
1764,Hudson Valley Harvest  Local Heritage Pork Chorizo Sausage,Hudson Valley Harvest  Local Heritage Pork Chorizo Sausage,mea_lcl,shop,"4 links per package, 1lb","		$10.99/pk",10.99,pk,,,
1765,Hudson Valley Harvest  Local Heritage Pork Hot Sausage,Hudson Valley Harvest  Local Heritage Pork Hot Sausage,mea_lcl,shop,"4 links per package, 1lb","		$10.99/pk",10.99,pk,,,
1766,Breaded Parmesan Chicken Cutlet (Raised Without Antibiotics),Breaded Parmesan Chicken Cutlet (Raised Without Antibiotics),rtc_poultry,rtc,4pce/pack,"		$8.99/lb",8.99,lb,,,
1767,"Chicken Shish Kabobs, Raised Without Antibiotics","Chicken Shish Kabobs, Raised Without Antibiotics",rtc_poultry,rtc,4 skewers per pack,"		$7.99/lb",7.99,lb,,,
1768,Balsamic-Marinated Chicken Breast (Raised Without Antibiotics),Balsamic-Marinated Chicken Breast (Raised Without Antibiotics),rtc_poultry,rtc,(apprx. 3 pcs/ pack),"		$5.99/lb",5.99,lb,,,
1769,Breaded Chicken Cutlet (Raised Without Antibiotics),Breaded Chicken Cutlet (Raised Without Antibiotics),rtc_poultry,rtc,4pce/pack,"		$8.99/lbSave! $8.49/lb for 2lb or more",8.99,lbSave! ,8.49/lb for 2lb or more,,
1771,Ginger Teriyaki Marinated Chicken Breast (Raised Without Antibiotics),Ginger Teriyaki Marinated Chicken Breast (Raised Without Antibiotics),rtc_poultry,rtc,approx. 2pcs per pack,"		$5.99/lb",5.99,lb,,,
1772,Korean Sesame Marinated Chicken Breast (Raised Without Antibiotics),Korean Sesame Marinated Chicken Breast (Raised Without Antibiotics),rtc_poultry,rtc,(about 3 pcs/ pack),"		$5.99/lb",5.99,lb,,,
1773,Roasted Garlic Marinated Chicken Breast (Raised Without Antibiotics),Roasted Garlic Marinated Chicken Breast (Raised Without Antibiotics),rtc_poultry,rtc,(approx. 2pcs per pack),"		$5.99/lb",5.99,lb,,,
1774,Roasted-Garlic Marinated Chicken Breast Paillard (Raised without Antibiotics),Roasted-Garlic Marinated Chicken Breast Paillard (Raised without Antibiotics),rtc_poultry,rtc,NA,"		$5.99/lb",5.99,lb,,,
1775,Tikka-Marinated Chicken Thighs (Raised Without Antibiotics),Tikka-Marinated Chicken Thighs (Raised Without Antibiotics),rtc_poultry,rtc,5-6pcs per pack,"		$7.99/lb",7.99,lb,,,
1776,"Balsamic Marinated Whole Chicken, Cut-Up","Balsamic Marinated Whole Chicken, Cut-Up",rtc_poultry,rtc,NA,"		$2.99/lb",2.99,lb,,,
1777,"Ginger Teriyaki Marinated Whole Chicken, Cut-Up","Ginger Teriyaki Marinated Whole Chicken, Cut-Up",rtc_poultry,rtc,NA,"		$2.99/lb",2.99,lb,,,
1778,Jerk Marinated Chicken Breast (Raised Without Antibiotics),Jerk Marinated Chicken Breast (Raised Without Antibiotics),rtc_poultry,rtc,(apprx. 3 pcs/ pack),"		$5.99/lb",5.99,lb,,,
1779,"Jerk Marinated Whole Chicken, Cut-Up","Jerk Marinated Whole Chicken, Cut-Up",rtc_poultry,rtc,NA,"		$2.99/lb",2.99,lb,,,
1780,Mesquite Marinated Chicken Breast (Raised Without Antibiotics),Mesquite Marinated Chicken Breast (Raised Without Antibiotics),rtc_poultry,rtc,approx. 3 pcs per pack,"		$5.99/lb",5.99,lb,,,
1781,Peppercorn Marinated Chicken Breasts (Raised Without Antibiotics),Peppercorn Marinated Chicken Breasts (Raised Without Antibiotics),rtc_poultry,rtc,(apprx. 3 pcs/ pack),"		$5.99/lb",5.99,lb,,,
1782,Tikka-Marinated Chicken Breasts (Raised Without Antibiotics),Tikka-Marinated Chicken Breasts (Raised Without Antibiotics),rtc_poultry,rtc,2pcs per pack,"		$7.99/ea",7.99,ea,,,
1783,Butterflied Coriander-Sage Cornish Hens,Butterflied Coriander-Sage Cornish Hens,rtc_poultry,rtc,Serves 4-6,"		$59.00/ea",59,ea,,,
1784,"100% Grass-Fed Ground Beef (85% Lean), Frozen","100% Grass-Fed Ground Beef (85% Lean), Frozen",fro_sales,shop,1lb pack,"		$9.99/eaSave! 2 for $16.00",9.99,eaSave! 2 for ,16,,
1786,Kellogg's Eggo Nutri-Grain Whole Wheat Waffles,Kellogg's Eggo Nutri-Grain Whole Wheat Waffles,fro_sales,shop,10pc (12.3oz)," 	$3.19/ea $3.69Save 12%($4.14/lb)",3.19,ea ,3.69Save 12%(4.14/lb),4.14/lb),
1787,"Amy's Beans, Rice and Cheddar Cheese Burrito","Amy's Beans, Rice and Cheddar Cheese Burrito",fro_sales,shop,6oz," 	$2.69/ea $2.99Save! 2 for $5.00($7.08/lb)",2.69,ea ,2.99Save! 2 for 5.00(7.08/lb),5.00(,7.08/lb)
1788,Dr. Praeger's Fillet Fish Sticks,Dr. Praeger's Fillet Fish Sticks,fro_sales,shop,13oz," 	$4.29/ea $5.59Any 2 Varieties for $7.00($5.30/lb)Mix'n'Match",4.29,ea ,5.59Any 2 Varieties for 7.00(5.30/lb)Mix'n'Match,7.00(,5.30/lb)Mix'n'Match
1789,Kellogg's Eggo Buttermilk Waffles,Kellogg's Eggo Buttermilk Waffles,fro_sales,shop,10pc (12.3oz)," 	$2.79/ea $3.19Save 12%($3.62/lb)",2.79,ea ,3.19Save 12%(3.62/lb),3.62/lb),
1790,Dr. Praeger's Fishies,Dr. Praeger's Fishies,fro_sales,shop,12oz," 	$4.29/ea $4.79Any 2 Varieties for $7.00($5.72/lb)Mix'n'Match",4.29,ea ,4.79Any 2 Varieties for 7.00(5.72/lb)Mix'n'Match,7.00(,5.72/lb)Mix'n'Match
1791,FreshDirect Frozen Spinach & Ricotta Tortelloni,FreshDirect Frozen Spinach & Ricotta Tortelloni,fro_sales,shop,10.9oz,"		$6.99/eaSave! 2 for $13.00($10.28/lb)",6.99,eaSave! 2 for ,13.00(10.28/lb),10.28/lb),
1792,Kellogg's Eggo Blueberry Waffles,Kellogg's Eggo Blueberry Waffles,fro_sales,shop,10pc (12.3oz)," 	$2.79/ea $3.19Save 12%($3.62/lb)",2.79,ea ,3.19Save 12%(3.62/lb),3.62/lb),
1793,Kellogg's Eggo Chocolate Chip Waffles,Kellogg's Eggo Chocolate Chip Waffles,fro_sales,shop,10pc (12.3oz)," 	$2.79/ea $3.19Save 12%($3.62/lb)",2.79,ea ,3.19Save 12%(3.62/lb),3.62/lb),
1794,Mrs. T's Potato & Cheddar Pierogies,Mrs. T's Potato & Cheddar Pierogies,fro_sales,shop,12pc (16.9oz)," 	$2.49/ea $3.49Save 28%($2.35/lb)",2.49,ea ,3.49Save 28%(2.35/lb),2.35/lb),
1795,"100% Grass-Fed Ground Beef Patties, Frozen","100% Grass-Fed Ground Beef Patties, Frozen",fro_sales,shop,"4ct, 4oz ea"," 	$9.99/ea $10.99Save! 2 for $18.00",9.99,ea ,10.99Save! 2 for 18,18,
1797,Amy's Black Bean Burrito,Amy's Black Bean Burrito,fro_sales,shop,6oz," 	$2.69/ea $2.99Save 10%($7.08/lb)",2.69,ea ,2.99Save 10%(7.08/lb),7.08/lb),
1800,"Amy's Bowls, Pesto Tortellini","Amy's Bowls, Pesto Tortellini",fro_sales,shop,9.5oz," 	$4.19/ea $4.89Save 14%($7.10/lb)",4.19,ea ,4.89Save 14%(7.10/lb),7.10/lb),
1805,Amy's Indian Samosa Wraps,Amy's Indian Samosa Wraps,fro_sales,shop,5oz," 	$2.39/ea $2.89Save 16%($7.71/lb)",2.39,ea ,2.89Save 16%(7.71/lb),7.71/lb),
1806,Amy's Light & Lean Bean & Cheese Burrito,Amy's Light & Lean Bean & Cheese Burrito,fro_sales,shop,6oz," 	$2.69/ea $2.99Save 10%($7.08/lb)",2.69,ea ,2.99Save 10%(7.08/lb),7.08/lb),
1807,Amy's Light & Lean Spinach Lasagna,Amy's Light & Lean Spinach Lasagna,fro_sales,shop,8oz," 	$4.19/ea $4.89Save 14%($8.38/lb)",4.19,ea ,4.89Save 14%(8.38/lb),8.38/lb),
1808,Amy's Organic Black Bean Ranchero Breakfast Burrito,Amy's Organic Black Bean Ranchero Breakfast Burrito,fro_sales,shop,6oz," 	$2.49/ea $2.79Save 10%($6.55/lb)",2.49,ea ,2.79Save 10%(6.55/lb),6.55/lb),
1809,Amy's Vegetable Lasagna,Amy's Vegetable Lasagna,fro_sales,shop,9.5oz," 	$4.19/ea $4.89Save 14%($7.10/lb)",4.19,ea ,4.89Save 14%(7.10/lb),7.10/lb),
1815,Edy's Grand Chocolate Chip Cookie Dough Ice Cream,Edy's Grand Chocolate Chip Cookie Dough Ice Cream,fro_sales,shop,1.5 quart," 	$4.59/ea $5.29Any 2 Flavors for $9.00Mix'n'Match",4.59,ea ,5.29Any 2 Flavors for 9.00Mix'n'Match,9.00Mix'n'Match,
1816,FreshDirect Frozen Sunday Ham,FreshDirect Frozen Sunday Ham,fro_sales,shop,10.2oz,"		$7.99/eaSave! 2 for $13.00($12.48/lb)",7.99,eaSave! 2 for ,13.00(12.48/lb),12.48/lb),
1817,FreshDirect Frozen Veggie 'Fried' Rice,FreshDirect Frozen Veggie 'Fried' Rice,fro_sales,shop,11.6oz,"		$6.99/eaSave! 2 for $12.00($9.58/lb)",6.99,eaSave! 2 for ,12.00(9.58/lb),9.58/lb),
1818,"FreshDirect Frozen, Ready-to-Bake Chocolate Chip Cookies","FreshDirect Frozen, Ready-to-Bake Chocolate Chip Cookies",fro_sales,shop,24pcs,"		$9.99/eaAny 2 Select frozen Cookies for $17.00($0.42/ct)Mix'n'Match",9.99,eaAny 2 Select frozen Cookies for ,17.00(0.42/ct)Mix'n'Match,0.42/ct)Mix'n'Match,
1820,Kellogg's Eggo Homestyle Waffles,Kellogg's Eggo Homestyle Waffles,fro_sales,shop,10pc (12.3oz),"		$3.19/eaSave! 2 for $6.00($4.14/lb)",3.19,eaSave! 2 for ,6.00(4.14/lb),4.14/lb),
1821,Red's Natural Foods Bean & Cheese Burrito,Red's Natural Foods Bean & Cheese Burrito,fro_sales,shop,5oz,"		$2.69/eaAny 2 Reds Burrito 5oz for $5.00($8.68/lb)Mix'n'Match",2.69,eaAny 2 Reds Burrito 5oz for ,5.00(8.68/lb)Mix'n'Match,8.68/lb)Mix'n'Match,
1822,Red's Natural Foods Chicken & Cheese Burrito,Red's Natural Foods Chicken & Cheese Burrito,fro_sales,shop,5oz,"		$2.69/eaAny 2 Reds Burrito 5oz for $5.00($8.68/lb)Mix'n'Match",2.69,eaAny 2 Reds Burrito 5oz for ,5.00(8.68/lb)Mix'n'Match,8.68/lb)Mix'n'Match,
1823,Red's Natural Foods Spicy Chipotle Beef & Bean Burrito,Red's Natural Foods Spicy Chipotle Beef & Bean Burrito,fro_sales,shop,5oz,"		$2.69/eaAny 2 Reds Burrito 5oz for $5.00($8.68/lb)Mix'n'Match",2.69,eaAny 2 Reds Burrito 5oz for ,5.00(8.68/lb)Mix'n'Match,8.68/lb)Mix'n'Match,
1824,Red's Natural Foods Steak & Cheese Burrito,Red's Natural Foods Steak & Cheese Burrito,fro_sales,shop,5oz,"		$2.69/eaAny 2 Reds Burrito 5oz for $5.00($8.68/lb)Mix'n'Match",2.69,eaAny 2 Reds Burrito 5oz for ,5.00(8.68/lb)Mix'n'Match,8.68/lb)Mix'n'Match,
1825,"Sambazon Organic Açai  Berry Puree Superfruit Packs, Pure Unsweetened","Sambazon Organic Açai  Berry Puree Superfruit Packs, Pure Unsweetened",fro_sales,shop,"4pk, 14.11oz (400g)"," 	$5.29/ea $6.99Any 2 Varieties for $10.00($6.01/lb)Mix'n'Match",5.29,ea ,6.99Any 2 Varieties for 10.00(6.01/lb)Mix'n'Match,10.00(,6.01/lb)Mix'n'Match
1829,"Amy's Breakfast Scramble Wrap (Made with Organic Tofu, Vegetables & Cheese)","Amy's Breakfast Scramble Wrap (Made with Organic Tofu, Vegetables & Cheese)",fro_sales,shop,5.5oz," 	$2.49/ea $2.79Save 10%($7.32/lb)",2.49,ea ,2.79Save 10%(7.32/lb),7.32/lb),
1834,Amy's Light & Lean 3 Cheese Penne Marinara,Amy's Light & Lean 3 Cheese Penne Marinara,fro_sales,shop,8oz," 	$4.19/ea $4.89Save 14%($8.38/lb)",4.19,ea ,4.89Save 14%(8.38/lb),8.38/lb),
1835,Amy's Light & Lean Pasta & Veggies,Amy's Light & Lean Pasta & Veggies,fro_sales,shop,8oz," 	$4.19/ea $4.89Save 14%($8.38/lb)",4.19,ea ,4.89Save 14%(8.38/lb),8.38/lb),
1836,Amy's Light & Lean Quinoa & Black Beans With Butternut Squash & Chard,Amy's Light & Lean Quinoa & Black Beans With Butternut Squash & Chard,fro_sales,shop,8oz," 	$4.49/ea $4.89Save! 2 for $8.00($8.98/lb)",4.49,ea ,4.89Save! 2 for 8.00(8.98/lb),8.00(,8.98/lb)
1838,Amy's Light & Lean Spaghetti Italiano,Amy's Light & Lean Spaghetti Italiano,fro_sales,shop,8oz," 	$4.19/ea $4.89Save 14%($8.38/lb)",4.19,ea ,4.89Save 14%(8.38/lb),8.38/lb),
1841,Amy's Non-Dairy Beans and Rice Burrito,Amy's Non-Dairy Beans and Rice Burrito,fro_sales,shop,6oz," 	$2.69/ea $2.99Save 10%($7.08/lb)",2.69,ea ,2.99Save 10%(7.08/lb),7.08/lb),
1843,Amy's Southwestern Burrito,Amy's Southwestern Burrito,fro_sales,shop,5.5oz," 	$2.69/ea $2.99Save 10%($7.91/lb)",2.69,ea ,2.99Save 10%(7.91/lb),7.91/lb),
1844,Amy's Thai Pad Thai,Amy's Thai Pad Thai,fro_sales,shop,9.5oz," 	$4.19/ea $4.89Save 14%($7.10/lb)",4.19,ea ,4.89Save 14%(7.10/lb),7.10/lb),
1845,Edy's Grand Neapolitan Ice Cream,Edy's Grand Neapolitan Ice Cream,fro_sales,shop,1.5 quart," 	$4.59/ea $5.29Any 2 Flavors for $9.00Mix'n'Match",4.59,ea ,5.29Any 2 Flavors for 9.00Mix'n'Match,9.00Mix'n'Match,
1847,FreeBird Breaded Chickasaurus Rex Chicken Bites,FreeBird Breaded Chickasaurus Rex Chicken Bites,fro_sales,shop,12oz," 	$5.39/ea $5.99Any 2 FreeBird for $10.00($7.19/lb)Mix'n'Match",5.39,ea ,5.99Any 2 FreeBird for 10.00(7.19/lb)Mix'n'Match,10.00(,7.19/lb)Mix'n'Match
1848,"FreeBird Breaded Chicken Breast Patties, Fully Cooked","FreeBird Breaded Chicken Breast Patties, Fully Cooked",fro_sales,shop,12oz," 	$5.39/ea $5.99Any 2 FreeBird for $10.00($7.19/lb)Mix'n'Match",5.39,ea ,5.99Any 2 FreeBird for 10.00(7.19/lb)Mix'n'Match,10.00(,7.19/lb)Mix'n'Match
1849,"FreeBird Chicken Pattie Nuggets, Fully Cooked","FreeBird Chicken Pattie Nuggets, Fully Cooked",fro_sales,shop,12oz," 	$5.39/ea $5.99Any 2 FreeBird for $10.00($7.19/lb)Mix'n'Match",5.39,ea ,5.99Any 2 FreeBird for 10.00(7.19/lb)Mix'n'Match,10.00(,7.19/lb)Mix'n'Match
1850,"FreeBird Seasoned Grilled Chicken Breast Strips, Fully Cooked","FreeBird Seasoned Grilled Chicken Breast Strips, Fully Cooked",fro_sales,shop,8oz," 	$5.39/ea $5.99Any 2 FreeBird for $10.00($10.78/lb)Mix'n'Match",5.39,ea ,5.99Any 2 FreeBird for 10.00(10.78/lb)Mix'n'Match,10.00(,10.78/lb)Mix'n'Match
1854,"Sambazon Organic Açai Berry Puree Superfruit Packs, Original Blend","Sambazon Organic Açai Berry Puree Superfruit Packs, Original Blend",fro_sales,shop,"4pk, 14.11oz (400g)"," 	$5.29/ea $6.99Any 2 Varieties for $10.00($6.01/lb)Mix'n'Match",5.29,ea ,6.99Any 2 Varieties for 10.00(6.01/lb)Mix'n'Match,10.00(,6.01/lb)Mix'n'Match
1855,Smart & Simple Frozen Whole Grains & Veggie Pilaf,Smart & Simple Frozen Whole Grains & Veggie Pilaf,fro_sales,shop,11.2oz,"		$6.99/eaSave! 2 for $13.00($9.99/lb)",6.99,eaSave! 2 for ,13.00(9.99/lb),9.99/lb),
1856,Amy's Indian Mattar Paneer,Amy's Indian Mattar Paneer,fro_sales,shop,10oz," 	$4.19/ea $4.89Save 14%($6.65/lb)",4.19,ea ,4.89Save 14%(6.65/lb),6.65/lb),
1857,Amy's Light & Lean Meatless Swedish Meatballs,Amy's Light & Lean Meatless Swedish Meatballs,fro_sales,shop,8oz," 	$4.19/ea $4.89Save 14%($8.38/lb)",4.19,ea ,4.89Save 14%(8.38/lb),8.38/lb),
1858,Amy's Thai Red Curry,Amy's Thai Red Curry,fro_sales,shop,10oz," 	$4.19/ea $4.89Save 14%($6.65/lb)",4.19,ea ,4.89Save 14%(6.65/lb),6.65/lb),
1859,Amy's Tofu Scramble in a Pocket Sandwich,Amy's Tofu Scramble in a Pocket Sandwich,fro_sales,shop,4oz," 	$2.69/ea $2.99Save! 2 for $5.00($10.76/lb)",2.69,ea ,2.99Save! 2 for 5.00(10.76/lb),5.00(,10.76/lb)
1875,"FreshDirect Frozen, Ready-to-Bake Peanut Butter Chip Cookies","FreshDirect Frozen, Ready-to-Bake Peanut Butter Chip Cookies",fro_sales,shop,24ct," 	$8.99/ea $9.99Any 2 Select frozen Cookies for $17.00Mix'n'Match",8.99,ea ,9.99Any 2 Select frozen Cookies for 17.00Mix'n'Match,17.00Mix'n'Match,
1876,"Sharon's Sorbet, Chocolate","Sharon's Sorbet, Chocolate",fro_sales,shop,1 pint," 	$4.99/ea $5.99Any 2 Sharon's Sorbet for $9.00Mix'n'Match",4.99,ea ,5.99Any 2 Sharon's Sorbet for 9.00Mix'n'Match,9.00Mix'n'Match,
1877,"Sharon's Sorbet, Coconut","Sharon's Sorbet, Coconut",fro_sales,shop,1 pint," 	$4.99/ea $5.99Any 2 Sharon's Sorbet for $9.00Mix'n'Match",4.99,ea ,5.99Any 2 Sharon's Sorbet for 9.00Mix'n'Match,9.00Mix'n'Match,
1878,"Sharon's Sorbet, Raspberry","Sharon's Sorbet, Raspberry",fro_sales,shop,1 pint," 	$4.99/ea $5.99Any 2 Sharon's Sorbet for $9.00Mix'n'Match",4.99,ea ,5.99Any 2 Sharon's Sorbet for 9.00Mix'n'Match,9.00Mix'n'Match,
1879,Domino Granulated White Sugar,Domino Granulated White Sugar,gro_sugar,pantry,4lb bag,"		$3.19/ea($0.80/lb)",3.19,ea(,0.80/lb),,
1880,Coombs Family Farms Certified Organic Grade A Dark Amber Maple Syrup,Coombs Family Farms Certified Organic Grade A Dark Amber Maple Syrup,gro_sugar,pantry,8 fl.oz.,"		$6.39/ea($12.78/pt)",6.39,ea(,12.78/pt),,
1881,Domino Granulated White Sugar,Domino Granulated White Sugar,gro_sugar,pantry,2lb box,"		$2.49/ea($1.24/lb)",2.49,ea(,1.24/lb),,
1882,Domino Light Brown Sugar,Domino Light Brown Sugar,gro_sugar,pantry,1lb box,"		$1.69/ea($1.69/lb)",1.69,ea(,1.69/lb),,
1885,Coombs Family Farms Certified Organic Grade A Dark Amber Maple Syrup,Coombs Family Farms Certified Organic Grade A Dark Amber Maple Syrup,gro_sugar,pantry,16oz,"		$12.59/ea($12.59/pt)",12.59,ea(,12.59/pt),,
1886,Domino Dark Brown Sugar,Domino Dark Brown Sugar,gro_sugar,pantry,1lb box,"		$1.69/ea($1.69/lb)",1.69,ea(,1.69/lb),,
1887,Domino Powdered Confectioners Sugar,Domino Powdered Confectioners Sugar,gro_sugar,pantry,1lb box,"		$1.69/ea($1.69/lb)",1.69,ea(,1.69/lb),,
1888,Hain Pure Foods Organic Sugar,Hain Pure Foods Organic Sugar,gro_sugar,pantry,24oz,"		$4.29/ea($2.86/lb)",4.29,ea(,2.86/lb),,
1890,Splenda No Calorie Sweetener Packets,Splenda No Calorie Sweetener Packets,gro_sugar,pantry,100ct,"		$5.69/ea($0.06/ct)",5.69,ea(,0.06/ct),,
1892,Sugar in the Raw Granulated Sugar,Sugar in the Raw Granulated Sugar,gro_sugar,pantry,2lb box,"		$4.49/ea($2.24/lb)",4.49,ea(,2.24/lb),,
1893,Truvia Calorie-Free Sweetener,Truvia Calorie-Free Sweetener,gro_sugar,pantry,80ct (8.46oz),"		$6.99/ea($0.09/ct)",6.99,ea(,0.09/ct),,
1894,Aunt Jemima Lite Syrup,Aunt Jemima Lite Syrup,gro_sugar,pantry,24oz,"		$4.29/ea($2.86/lb)",4.29,ea(,2.86/lb),,
1895,Aunt Jemima Original Syrup,Aunt Jemima Original Syrup,gro_sugar,pantry,24oz,"		$4.29/ea($2.86/lb)",4.29,ea(,2.86/lb),,
1897,Coombs Family Farms Certified Organic Grade A Dark Amber Maple Syrup,Coombs Family Farms Certified Organic Grade A Dark Amber Maple Syrup,gro_sugar,pantry,32 fl.oz.,"		$19.79/ea($9.90/pt)",19.79,ea(,9.90/pt),,
1898,Domino Sugar Packets,Domino Sugar Packets,gro_sugar,pantry,100ct,"		$2.99/ea($0.03/ct)",2.99,ea(,0.03/ct),,
1899,Hain Pure Foods Natural Turbinado Sugar,Hain Pure Foods Natural Turbinado Sugar,gro_sugar,pantry,24oz,"		$3.69/ea($2.46/lb)",3.69,ea(,2.46/lb),,
1901,Sweet 'N Low Sugar Substitute Packets,Sweet 'N Low Sugar Substitute Packets,gro_sugar,pantry,100ct (3.5oz),"		$2.59/ea($0.03/ct)",2.59,ea(,0.03/ct),,
1902,Wholesome Sweeteners Organic Blue Agave,Wholesome Sweeteners Organic Blue Agave,gro_sugar,pantry,23.5oz,"		$7.99/ea($5.44/lb)",7.99,ea(,5.44/lb),,
1903,Wholesome Sweeteners Organic Stevia,Wholesome Sweeteners Organic Stevia,gro_sugar,pantry,75ct (2.65oz),"		$7.99/ea($0.11/ct)",7.99,ea(,0.11/ct),,
1904,Wild Harvest Organic 100% Pure Maple Syrup,Wild Harvest Organic 100% Pure Maple Syrup,gro_sugar,pantry,12oz,"		$10.99/ea($14.65/pt)",10.99,ea(,14.65/pt),,
1905,Aunt Jemima Butter Lite Syrup,Aunt Jemima Butter Lite Syrup,gro_sugar,pantry,24oz,"		$4.29/ea($2.86/lb)",4.29,ea(,2.86/lb),,
1906,Domino Superfine Sugar,Domino Superfine Sugar,gro_sugar,pantry,12oz,"		$2.59/ea($3.45/lb)",2.59,ea(,3.45/lb),,
1907,Equal Sweetener Sugar Substitute Packets,Equal Sweetener Sugar Substitute Packets,gro_sugar,pantry,100pk (3.5oz),"		$4.19/ea($0.04/ct)",4.19,ea(,0.04/ct),,
1908,Equal Sweetener Sugar Substitute Packets,Equal Sweetener Sugar Substitute Packets,gro_sugar,pantry,200ct (7oz),"		$6.79/ea($0.03/ct)",6.79,ea(,0.03/ct),,
1909,Grandma's Unsulfered Molasses,Grandma's Unsulfered Molasses,gro_sugar,pantry,12oz,"		$3.69/ea($4.92/lb)",3.69,ea(,4.92/lb),,
1910,Hain Pure Foods Organic Brown Sugar,Hain Pure Foods Organic Brown Sugar,gro_sugar,pantry,24oz,"		$4.29/ea($2.86/lb)",4.29,ea(,2.86/lb),,
1911,Karo Light Corn Syrup,Karo Light Corn Syrup,gro_sugar,pantry,16oz,"		$2.99/ea($2.99/lb)",2.99,ea(,2.99/lb),,
1912,Log Cabin Original Syrup,Log Cabin Original Syrup,gro_sugar,pantry,24oz,"		$4.49/ea($2.99/lb)",4.49,ea(,2.99/lb),,
1913,Roland Rough Cut Demerara Sugar Cubes,Roland Rough Cut Demerara Sugar Cubes,gro_sugar,pantry,17.5oz,"		$3.49/ea($3.20/lb)",3.49,ea(,3.20/lb),,
1914,"Splenda No Calorie Sweetener, Granular","Splenda No Calorie Sweetener, Granular",gro_sugar,pantry,1.9oz (equals 1 lb of sugar),"		$3.49/ea($29.08/lb)",3.49,ea(,29.08/lb),,
1916,Wholesome Sweeteners Organic Dark Brown Sugar,Wholesome Sweeteners Organic Dark Brown Sugar,gro_sugar,pantry,24oz,"		$5.99/ea($3.99/lb)",5.99,ea(,3.99/lb),,
1917,Wholesome Sweeteners Organic Light Brown Sugar,Wholesome Sweeteners Organic Light Brown Sugar,gro_sugar,pantry,24oz,"		$5.99/ea($3.99/pt)",5.99,ea(,3.99/pt),,
1918,Wholesome Sweeteners Organic Raw Blue Agave,Wholesome Sweeteners Organic Raw Blue Agave,gro_sugar,pantry,23.5oz,"		$7.99/ea($5.44/lb)",7.99,ea(,5.44/lb),,
1919,Wholesome Sweeteners Organic Turbinado Raw Cane Sugar,Wholesome Sweeteners Organic Turbinado Raw Cane Sugar,gro_sugar,pantry,24oz,"		$5.69/ea($3.79/pt)",5.69,ea(,3.79/pt),,
1921,Domino Sugar Packets,Domino Sugar Packets,gro_sugar,pantry,2000ct,"		$17.99/cs($0.01/ct)",17.99,cs(,0.01/ct),,
1922,Just FreshDirect Organic Light Agave Nectar,Just FreshDirect Organic Light Agave Nectar,gro_sugar,pantry,23.5oz,"		$7.99/ea($5.44/lb)",7.99,ea(,5.44/lb),,
1923,Just FreshDirect Organic Light Agave Nectar,Just FreshDirect Organic Light Agave Nectar,gro_sugar,pantry,44oz,"		$9.99/ea($3.63/lb)",9.99,ea(,3.63/lb),,
1925,Mrs. Butterworth's Original Syrup,Mrs. Butterworth's Original Syrup,gro_sugar,pantry,24oz,"		$4.19/ea($2.79/lb)",4.19,ea(,2.79/lb),,
1926,Roland Rough Cut White Sugar Cubes,Roland Rough Cut White Sugar Cubes,gro_sugar,pantry,17.5oz,"		$3.49/ea",3.49,ea,,,
1927,"Splenda No Calorie Sweetener Packets, Case","Splenda No Calorie Sweetener Packets, Case",gro_sugar,pantry,(2000ct),"		$49.99/cs($0.02/ct)",49.99,cs(,0.02/ct),,
1928,Sugar in the Raw Turbinado Sugar Packets,Sugar in the Raw Turbinado Sugar Packets,gro_sugar,pantry,1200ct,"		$39.99/cs($0.03/ct)",39.99,cs(,0.03/ct),,
1929,Just FreshDirect Organic Amber Agave Nectar,Just FreshDirect Organic Amber Agave Nectar,gro_sugar,pantry,23.5oz,"		$0.00/null($0.00/lb)",0,null(,0.00/lb),,
1930,Sides in a Snap Almost Perfect Mashed Potatoes,Sides in a Snap Almost Perfect Mashed Potatoes,hmr_potside,meals,12oz,"		$4.99/ea($6.65/lb)",4.99,ea(,6.65/lb),,
1931,Baked Macaroni & Cheese w/ Parmesan Breadcrumbs,Baked Macaroni & Cheese w/ Parmesan Breadcrumbs,hmr_potside,meals,11.5oz,"		$5.99/ea",5.99,ea,,,
1932,Sides in a Snap Steamed Brown Rice,Sides in a Snap Steamed Brown Rice,hmr_potside,meals,12oz,"		$3.49/eaSave! 2 for $5.00($4.65/lb)",3.49,eaSave! 2 for ,5.00(4.65/lb),4.65/lb),
1933,Sides in a Snap Steamed Quinoa,Sides in a Snap Steamed Quinoa,hmr_potside,meals,12oz,"		$4.99/ea($6.65/lb)",4.99,ea(,6.65/lb),,
1934,Sides in a Snap Coconut Rice,Sides in a Snap Coconut Rice,hmr_potside,meals,12oz,"		$2.99/ea($3.99/lb)",2.99,ea(,3.99/lb),,
1935,Sides in a Snap Creamy Macaroni & Cheese,Sides in a Snap Creamy Macaroni & Cheese,hmr_potside,meals,12oz,"		$5.99/ea($7.99/lb)",5.99,ea(,7.99/lb),,
1936,Sides in a Snap Mashed Sweet Yams,Sides in a Snap Mashed Sweet Yams,hmr_potside,meals,12oz,"		$4.99/ea($6.65/lb)",4.99,ea(,6.65/lb),,
1937,FreshDirect Shredded Jerk Chicken (Raised without Antibiotics),FreshDirect Shredded Jerk Chicken (Raised without Antibiotics),hmr_potside,meals,14oz,"		$9.99/ea($11.35/lb)",9.99,ea(,11.35/lb),,
1938,Sides in a Snap Steamed Jasmine Rice,Sides in a Snap Steamed Jasmine Rice,hmr_potside,meals,12oz,"		$2.99/ea($3.99/lb)",2.99,ea(,3.99/lb),,
1939,Sides in a Snap Asian Veggies w/ Ginger-Garlic Sauce,Sides in a Snap Asian Veggies w/ Ginger-Garlic Sauce,hmr_potside,meals,9.6oz,"		$5.99/ea($9.98/lb)",5.99,ea(,9.98/lb),,
1940,Almost Perfect Mashed Potatoes,Almost Perfect Mashed Potatoes,hmr_potside,meals,2lb,"		$9.99/ea($5.00/lb)",9.99,ea(,5.00/lb),,
1941,"Baked Macaroni & Cheese w/ Parmesan Breadcrumbs, Family Size","Baked Macaroni & Cheese w/ Parmesan Breadcrumbs, Family Size",hmr_potside,meals,2.1 lbs,"		$14.99/ea",14.99,ea,,,
1942,"FreshDirect Cornbread, Frozen","FreshDirect Cornbread, Frozen",hmr_potside,meals,23oz (Serves 4-6),"		$4.99/ea($4.99/ct)",4.99,ea(,4.99/ct),,
1943,Rosemary-Garlic Roasted New Potatoes,Rosemary-Garlic Roasted New Potatoes,hmr_potside,meals,24oz,"		$8.99/ea($5.99/lb)",8.99,ea(,5.99/lb),,
1944,Sides in a Snap Sour Cream Smashed Potatoes,Sides in a Snap Sour Cream Smashed Potatoes,hmr_potside,meals,12oz,"		$4.99/ea($6.65/lb)",4.99,ea(,6.65/lb),,
1945,Sides in a Snap Spaghetti,Sides in a Snap Spaghetti,hmr_potside,meals,10oz,"		$2.99/ea($4.75/lb)",2.99,ea(,4.75/lb),,
1946,"Sides in a Snap Spanish-Style ""Yellow"" Rice","Sides in a Snap Spanish-Style ""Yellow"" Rice",hmr_potside,meals,12oz,"		$2.99/ea($3.99/lb)",2.99,ea(,3.99/lb),,
1947,Sides in a Snap Vegetable-Barley Risotto,Sides in a Snap Vegetable-Barley Risotto,hmr_potside,meals,12oz,"		$3.99/ea($5.32/lb)",3.99,ea(,5.32/lb),,
1948,Sides in a Snap Whole Wheat Fusilli,Sides in a Snap Whole Wheat Fusilli,hmr_potside,meals,10oz,"		$2.99/ea($4.75/lb)",2.99,ea(,4.75/lb),,
1949,Mashed Sweet Potatoes,Mashed Sweet Potatoes,hmr_potside,meals,2 lbs,"		$9.99/ea($5.00/lb)",9.99,ea(,5.00/lb),,
1950,Potato Gratin with Rosemary and Garlic,Potato Gratin with Rosemary and Garlic,hmr_potside,meals,24oz,"		$8.99/ea($5.99/lb)",8.99,ea(,5.99/lb),,
1951,Potato Pancakes (Latkes),Potato Pancakes (Latkes),hmr_potside,meals,10pcs,"		$9.99/ea($1.00/ct)",9.99,ea(,1.00/ct),,
1952,Sides in a Snap Braised Lentils with Berkshire Bacon,Sides in a Snap Braised Lentils with Berkshire Bacon,hmr_potside,meals,10oz,"		$7.99/ea($12.68/lb)",7.99,ea(,12.68/lb),,
1953,Sides in a Snap Parmesan Polenta,Sides in a Snap Parmesan Polenta,hmr_potside,meals,12oz,"		$5.99/ea($7.99/lb)",5.99,ea(,7.99/lb),,
1954,Wild Rice with Pistachios and Sour Cherries,Wild Rice with Pistachios and Sour Cherries,hmr_potside,meals,24oz,"		$14.99/ea($9.99/lb)",14.99,ea(,9.99/lb),,
1955,"Slow-Cooked Tomato Sauce & Turkey Meatballs, Medium","Slow-Cooked Tomato Sauce & Turkey Meatballs, Medium",hmr_entree_meat,meals,"approx. 9.5""","		$9.99/6pcsabout $7.63/lb",9.99,6pcsabout ,7.63/lb,,
1957,Beef Shepherd's Pie,Beef Shepherd's Pie,hmr_entree_meat,meals,1 lb,"		$7.99/ea($7.99/lb)",7.99,ea(,7.99/lb),,
1958,Dinosaur Bar-B-Que Pulled Pork,Dinosaur Bar-B-Que Pulled Pork,hmr_entree_meat,meals,12pk,"		$12.99/ea($12.99/lb)",12.99,ea(,12.99/lb),,
1960,"FreshDirect Turkey Meatballs Family Pack, Frozen","FreshDirect Turkey Meatballs Family Pack, Frozen",hmr_entree_meat,meals,2 lb bag (20 pieces),"		$24.99/ea",24.99,ea,,,
1961,"Slow-Cooked Tomato Sauce & Beef Meatballs, Medium","Slow-Cooked Tomato Sauce & Beef Meatballs, Medium",hmr_entree_meat,meals,12oz,"		$9.99/6pcsabout $7.63/lb",9.99,6pcsabout ,7.63/lb,,
1963,"Beef Shepherd's Pie, Family-Size","Beef Shepherd's Pie, Family-Size",hmr_entree_meat,meals,2 lb,"		$14.99/ea($7.50/lb)",14.99,ea(,7.50/lb),,
1964,FreshDirect Barbecue Brisket,FreshDirect Barbecue Brisket,hmr_entree_meat,meals,1lb,"		$14.99/ea",14.99,ea,,,
1965,Martin's Sandwich Potato Rolls,Martin's Sandwich Potato Rolls,hmr_entree_meat,meals,"12ct, 15oz","		$3.69/ea($3.93/lb)",3.69,ea(,3.93/lb),,
1966,"FreshDirect Beef Meatballs Family Pack, Frozen","FreshDirect Beef Meatballs Family Pack, Frozen",hmr_entree_meat,meals,2 lb bag (20 pieces),"		$24.99/ea",24.99,ea,,,
1967,"Slow-Cooked Tomato Sauce & Parmesan, Pork and Beef Meatballs","Slow-Cooked Tomato Sauce & Parmesan, Pork and Beef Meatballs",hmr_entree_meat,meals,NA,"		$9.99/6pcsabout $7.63/lb",9.99,6pcsabout ,7.63/lb,,
1968,FreshDirect Braised Grass-Fed Lamb Shank with White Beans,FreshDirect Braised Grass-Fed Lamb Shank with White Beans,hmr_entree_meat,meals,26.4oz,"		$15.99/ea($9.69/lb)",15.99,ea(,9.69/lb),,
1969,"FreshDirect Parmesan, Pork & Beef Meatballs Family Pack, Frozen","FreshDirect Parmesan, Pork & Beef Meatballs Family Pack, Frozen",hmr_entree_meat,meals,1.7lb bag (20 pieces),"		$24.99/ea",24.99,ea,,,
1970,Kansas City Barbecued Pork Ribs,Kansas City Barbecued Pork Ribs,hmr_entree_meat,meals,"6-7 pc, 16oz","		$10.99/ea",10.99,ea,,,
1971,"FreshDirect Beef Meatloaf and Mashed Potatoes, Family Size","FreshDirect Beef Meatloaf and Mashed Potatoes, Family Size",hmr_entree_meat,meals,3.7lb (Serves 4-6),"		$24.99/ea($6.75/lb)",24.99,ea(,6.75/lb),,
1972,"Smoked Boneless Carving Ham, Small","Smoked Boneless Carving Ham, Small",hmr_entree_meat,meals,Serves 4-6,"		$45.00/ea",45,ea,,,
1973,"FreshDirect Kansas City Barbecued Pork Ribs, Full Rack, Frozen","FreshDirect Kansas City Barbecued Pork Ribs, Full Rack, Frozen",hmr_entree_meat,meals,NA,"		$0.00/null",0,null,,,
1974,1655 Cave-Aged Gruyère,1655 Cave-Aged Gruyère,swissmtn,cheese,NA,"		$21.99/lb",21.99,lb,,,
1976,Jarlsberg,Jarlsberg,swissmtn,cheese,NA,"		$10.99/lb",10.99,lb,,,
1978,Comté,Comté,swissmtn,cheese,NA,"		$15.99/lb",15.99,lb,,,
1979,FreshDirect Domestic Swiss Cheese,FreshDirect Domestic Swiss Cheese,swissmtn,cheese,NA,"		$7.49/lb",7.49,lb,,,
1980,Swiss Emmental,Swiss Emmental,swissmtn,cheese,NA,"		$14.99/lb",14.99,lb,,,
1981,Finlandia Heavenly Light Swiss Cheese,Finlandia Heavenly Light Swiss Cheese,swissmtn,cheese,NA,"		$6.99/lb",6.99,lb,,,
1982,Finlandia Swiss,Finlandia Swiss,swissmtn,cheese,NA,"		$6.99/lb",6.99,lb,,,
1983,French Raclette,French Raclette,swissmtn,cheese,NA,"		$14.99/lb",14.99,lb,,,
1984,Jarlsberg Lite,Jarlsberg Lite,swissmtn,cheese,NA,"		$9.99/lb",9.99,lb,,,
1985,Scharfe Maxx,Scharfe Maxx,swissmtn,cheese,NA,"		$19.99/lb",19.99,lb,,,
1986,Vacherin Fribourgeois,Vacherin Fribourgeois,swissmtn,cheese,NA,"		$26.99/lb",26.99,lb,,,
1987,Bodensee Butterkase,Bodensee Butterkase,swissmtn,cheese,NA,"		$17.99/lb",17.99,lb,,,
1988,Challerhocker,Challerhocker,swissmtn,cheese,NA,"		$24.99/lb",24.99,lb,,,
1989,Leerdammer,Leerdammer,swissmtn,cheese,NA,"		$9.99/lb",9.99,lb,,,
1990,Lite Dammer,Lite Dammer,swissmtn,cheese,NA,"		$9.99/lb",9.99,lb,,,
1991,Madrigal,Madrigal,swissmtn,cheese,NA,"		$11.99/lb",11.99,lb,,,
1992,Risler Square Raclette,Risler Square Raclette,swissmtn,cheese,NA,"		$16.99/lb",16.99,lb,,,
1994,"Granny Smith Apples, 4-Pack","Granny Smith Apples, 4-Pack",apl,fruit,16oz,"		$3.99/4pkabout $1.59/lb",3.99,4pkabout ,1.59/lb,,
1996,"Fuji Apples, 4-Pack","Fuji Apples, 4-Pack",apl,fruit,NA,"		$3.99/4pkabout $1.76/lb",3.99,4pkabout ,1.76/lb,,
1999,"Pink Lady® Apples, 4-Pack","Pink Lady® Apples, 4-Pack",apl,fruit,NA,"		$4.99/4pkabout $2.49/lb",4.99,4pkabout ,2.49/lb,,
2000,"Organic Fuji Apples, 4-Pack","Organic Fuji Apples, 4-Pack",apl,fruit,NA,"		$5.99/4pkabout $2.76/lb",5.99,4pkabout ,2.76/lb,,
2001,"Organic Pink Lady Apples, 4-Pack","Organic Pink Lady Apples, 4-Pack",apl,fruit,NA,"		$5.99/4pkabout $2.99/lb",5.99,4pkabout ,2.99/lb,,
2002,"Organic Gala Apples, 4-Pack","Organic Gala Apples, 4-Pack",apl,fruit,NA,"		$5.99/4pkabout $3.00/lb",5.99,4pkabout ,3.00/lb,,
2003,"Organic Red Delicious Apples, 4-Pack","Organic Red Delicious Apples, 4-Pack",apl,fruit,NA,"		$4.99/4pkabout $2.50/lb",4.99,4pkabout ,2.50/lb,,
2004,"Organic Gala Apples, Bag","Organic Gala Apples, Bag",apl,fruit,3lbs,"		$7.99/ea",7.99,ea,,,
2005,"Gala Apples, Case","Gala Apples, Case",apl,fruit,approx 80-88ct,"		$59.99/ea",59.99,ea,,,
2006,"Granny Smith Apples, Case","Granny Smith Apples, Case",apl,fruit,approx 80-88ct,"		$69.99/ea",69.99,ea,,,
2007,Crunch Pak Organic Sweet Apple Slices,Crunch Pak Organic Sweet Apple Slices,apl,fruit,"5 bags, 2.2oz ea","		$5.99/ea",5.99,ea,,,
2009,Crunch Pak Organic Sweet Apple Slices,Crunch Pak Organic Sweet Apple Slices,apl,fruit,12oz,"		$4.49/ea",4.49,ea,,,
2011,Crunch Pak Apple Snackers with Pretzel & Cheese,Crunch Pak Apple Snackers with Pretzel & Cheese,apl,fruit,4.75oz,"		$3.49/ea",3.49,ea,,,
2015,Crunch Pak Sweet Apple Slices,Crunch Pak Sweet Apple Slices,apl,fruit,14oz,"		$3.99/ea",3.99,ea,,,
2017,Red Jacket Orchards Apple Sauce,Red Jacket Orchards Apple Sauce,apl,fruit,16oz,"		$2.99/ea($2.99/lb)",2.99,ea(,2.99/lb),,
2018,Veal Leg Cutlet,Veal Leg Cutlet,mea_valpack,meat,NA,"		$14.99/lb",14.99,lb,,,
2019,Boneless Sirloin Steak Family Pack,Boneless Sirloin Steak Family Pack,mea_valpack,meat,"pack of 4 steaks 1"" thick","		$9.49/lb",9.49,lb,,,
2022,NY Strip Steak Family Pack,NY Strip Steak Family Pack,mea_valpack,meat,"pack of 4 steaks 1"" thick","		$12.99/lb",12.99,lb,,,
2023,"NY Strip Steak, Bone-In Family Pack","NY Strip Steak, Bone-In Family Pack",mea_valpack,meat,"pack of 4 steaks 1"" thick","		$9.99/lb",9.99,lb,,,
2024,Rib Eye Steak Family Pack,Rib Eye Steak Family Pack,mea_valpack,meat,"pack of 4 steaks, 1"" thick","		$14.99/lb",14.99,lb,,,
2025,T-Bone Steaks Family Pack,T-Bone Steaks Family Pack,mea_valpack,meat,"pack of 4 steaks 1"" thick","		$12.49/lb",12.49,lb,,,
2027,"Beef Stew Meat Family Pack, 3lb","Beef Stew Meat Family Pack, 3lb",mea_valpack,meat,(10 - 12 pieces per lb),"		$6.49/lb",6.49,lb,,,
2029,Beef Fajita Strips Family Pack,Beef Fajita Strips Family Pack,mea_valpack,meat,NA,"		$6.49/lb",6.49,lb,,,
2030,Beef Round Cubes Family Pack,Beef Round Cubes Family Pack,mea_valpack,meat,3lb pack,"		$6.49/lb",6.49,lb,,,
2031,"Beef Stew Meat Family Pack, 5lb","Beef Stew Meat Family Pack, 5lb",mea_valpack,meat,(10 - 12 pieces per lb),"		$5.99/lb",5.99,lb,,,
2032,Beef Stir-Fry Strips Family Pack,Beef Stir-Fry Strips Family Pack,mea_valpack,meat,3lb pack,"		$6.49/lb",6.49,lb,,,
2034,"Boneless Skinless Chicken Breast, Family Pack, Raised Without Antibiotics","Boneless Skinless Chicken Breast, Family Pack, Raised Without Antibiotics",mea_valpack,meat,7-8 pc/pk,"		$5.49/lb",5.49,lb,,,
2035,"Organic Boneless Skinless Chicken Breast, Family Pack","Organic Boneless Skinless Chicken Breast, Family Pack",mea_valpack,meat,7-8 pieces per pack," 	$6.99/lb $10.99Save 36%",6.99,lb ,10.99Save 36%,,
2036,"Boneless Skinless Chicken Breast Pack, Raised Without Antibiotics, 5lb Bag","Boneless Skinless Chicken Breast Pack, Raised Without Antibiotics, 5lb Bag",mea_valpack,meat,NA,"		$4.49/lb",4.49,lb,,,
2037,"Boneless Skinless Chicken Breast, Grade A, Family Pack","Boneless Skinless Chicken Breast, Grade A, Family Pack",mea_valpack,meat,6-8 pieces per pack,"		$3.99/lb",3.99,lb,,,
2039,"Bone-in Chicken Thighs, Bulk Pack","Bone-in Chicken Thighs, Bulk Pack",mea_valpack,meat,20-25pcs per pack,"		$1.49/lb",1.49,lb,,,
2040,"Boneless Chicken Thighs, Bulk Pack","Boneless Chicken Thighs, Bulk Pack",mea_valpack,meat,10lb pack (20-25 pcs per pack),"		$2.49/lb",2.49,lb,,,
2041,"Chicken Wings, Bulk Pack","Chicken Wings, Bulk Pack",mea_valpack,meat,25-30pcs per pack,"		$2.99/lb",2.99,lb,,,
2042,"Grade A Boneless Skinless Chicken Breasts, Bulk Pack, 10lb","Grade A Boneless Skinless Chicken Breasts, Bulk Pack, 10lb",mea_valpack,meat,8-10pcs per pack,"		$3.49/lb",3.49,lb,,,
2043,"Quartered Chicken Legs, Bulk Pack","Quartered Chicken Legs, Bulk Pack",mea_valpack,meat,"10lb bag, (6-8 pcs per pack)","		$0.99/lb",0.99,lb,,,
2044,Lamb Cubes for Kabobs Family Pack,Lamb Cubes for Kabobs Family Pack,mea_valpack,meat,3lb pack,"		$12.99/lb",12.99,lb,,,
2045,"Lamb Loin Chop, Family Pack","Lamb Loin Chop, Family Pack",mea_valpack,meat,"8ct, 1.5"" thick","		$13.99/lb",13.99,lb,,,
2046,"Boneless Pork Loin Chop, Family Pack","Boneless Pork Loin Chop, Family Pack",mea_valpack,meat,"6ct, 1.5"" thick","		$4.99/lb",4.99,lb,,,
2047,"Bone-in Pork Shoulder Butt Roast, Untrimmed","Bone-in Pork Shoulder Butt Roast, Untrimmed",mea_valpack,meat,NA,"		$2.99/lb",2.99,lb,,,
2048,"Boneless Center-Cut Pork Loin, Cut Into Chops, Half","Boneless Center-Cut Pork Loin, Cut Into Chops, Half",mea_valpack,meat,"7-8 chops (1.25"" thick ea)","		$4.99/lb",4.99,lb,,,
2049,"Boneless Center-Cut Pork Loin, Cut Into Chops, Whole","Boneless Center-Cut Pork Loin, Cut Into Chops, Whole",mea_valpack,meat,"14-16 chops (1.25"" thick ea)","		$4.99/lb",4.99,lb,,,
2050,"Boneless, Center-Cut Pork Loin, Untrimmed","Boneless, Center-Cut Pork Loin, Untrimmed",mea_valpack,meat,NA,"		$3.49/lb",3.49,lb,,,
2051,"Fresh Ham, Untrimmed","Fresh Ham, Untrimmed",mea_valpack,meat,NA,"		$2.49/lb",2.49,lb,,,
2052,Pork Baby Back Ribs,fresh baby back pork ribs,mea_valpack,meat,NA,"		$5.99/lb",5.99,lb,,,
2053,"Pork Shoulder, Untrimmed","Pork Shoulder, Untrimmed",mea_valpack,meat,NA,"		$2.49/lb",2.49,lb,,,
2054,"Pork Spareribs, Untrimmed","Pork Spareribs, Untrimmed",mea_valpack,meat,NA,"		$3.49/lb",3.49,lb,,,
2055,"Pork Tenderloin, Untrimmed","Pork Tenderloin, Untrimmed",mea_valpack,meat,2 pieces,"		$5.99/lb",5.99,lb,,,
2056,St. Louis-Style Pork Spareribs,St. Louis-Style Pork Spareribs,mea_valpack,meat,NA,"		$3.99/lb",3.99,lb,,,
2057,Salmon Run Riesling,Salmon Run Riesling,vin_local,shop,750ml,"		$14.99/ea($19.99/l)",14.99,ea(,19.99/l),,
2058,Bedell Cellars Merlot,Bedell Cellars Merlot,vin_local,shop,750ml,"		$22.99/ea($30.65/l)",22.99,ea(,30.65/l),,
2060,Channing Daughters Rosato di Cabernet Franc,Channing Daughters Rosato di Cabernet Franc,vin_local,shop,750ml,"		$17.99/ea($23.99/l)",17.99,ea(,23.99/l),,
2061,Channing Daughters Scuttlehole Chardonnay,Channing Daughters Scuttlehole Chardonnay,vin_local,shop,750ml,"		$16.99/ea($22.65/l)",16.99,ea(,22.65/l),,
2062,Charles Fournier Gold Seal Chardonnay,Charles Fournier Gold Seal Chardonnay,vin_local,shop,750ml," 	$9.99/ea $11.99Save 16%($13.32/l)",9.99,ea ,11.99Save 16%(13.32/l),13.32/l),
2063,Chateau LaFayette Reneau Semidry Riesling,Chateau LaFayette Reneau Semidry Riesling,vin_local,shop,750ml,"		$11.99/ea($15.99/l)",11.99,ea(,15.99/l),,
2064,Chateau Lafayette Reneau Seyval-Chardonnay,Chateau Lafayette Reneau Seyval-Chardonnay,vin_local,shop,750ml,"		$9.99/ea($13.32/l)",9.99,ea(,13.32/l),,
2066,Hermann J. Wiemer Dry Riesling,Hermann J. Wiemer Dry Riesling,vin_local,shop,750ml,"		$19.99/ea($26.65/l)",19.99,ea(,26.65/l),,
2067,Hochstadter's Slow & Low Rock and Rye,Hochstadter's Slow & Low Rock and Rye,vin_local,shop,750ml,"		$24.99/ea($33.32/l)",24.99,ea(,33.32/l),,
2069,LiV Vodka,LiV Vodka,vin_local,shop,750ml,"		$21.99/ea($29.32/l)",21.99,ea(,29.32/l),,
2070,Montauk Black Sail Rum,Montauk Black Sail Rum,vin_local,shop,750ml,"		$34.99/ea($46.65/l)",34.99,ea(,46.65/l),,
2071,Paumanok Assemblage Red Wine,Paumanok Assemblage Red Wine,vin_local,shop,750ml,"		$49.99/ea($66.65/l)",49.99,ea(,66.65/l),,
2072,Paumanok Sauvignon Blanc,Paumanok Sauvignon Blanc,vin_local,shop,750ml,"		$23.99/ea($31.99/l)",23.99,ea(,31.99/l),,
2073,"Shacksbury Dry English Cider, 'Classic'","Shacksbury Dry English Cider, 'Classic'",vin_local,shop,500ml,"		$9.99/ea($19.98/l)",9.99,ea(,19.98/l),,
2074,Shinn Estate Vineyards Chardonnay,Shinn Estate Vineyards Chardonnay,vin_local,shop,750ml,"		$19.99/ea($26.65/l)",19.99,ea(,26.65/l),,
2075,Shinn Estate Vineyards Red Table Wine,Shinn Estate Vineyards Red Table Wine,vin_local,shop,750ml,"		$14.99/ea($19.99/l)",14.99,ea(,19.99/l),,
2076,Montauk Sunburn Cinnamon Flavored Rum,Montauk Sunburn Cinnamon Flavored Rum,vin_local,shop,750ml,"		$34.99/ea($46.65/l)",34.99,ea(,46.65/l),,
2078,Ancient Harvest Quinoa Gluten Free Spaghetti,Ancient Harvest Quinoa Gluten Free Spaghetti,pas_gf,pasta,8oz,"		$3.59/ea($7.18/lb)",3.59,ea(,7.18/lb),,
2079,Barilla Gluten-Free Penne,Barilla Gluten-Free Penne,pas_gf,pasta,12oz,"		$2.49/ea($3.32/lb)",2.49,ea(,3.32/lb),,
2080,Barilla Gluten-Free Spaghetti,Barilla Gluten-Free Spaghetti,pas_gf,pasta,12oz,"		$2.49/ea($3.32/lb)",2.49,ea(,3.32/lb),,
2081,Bionaturae Organic Gluten Free Penne Rigate,Bionaturae Organic Gluten Free Penne Rigate,pas_gf,pasta,12oz,"		$4.29/ea($5.72/lb)",4.29,ea(,5.72/lb),,
2086,Ancient Harvest Quinoa Gluten Free Pagodas,Ancient Harvest Quinoa Gluten Free Pagodas,pas_gf,pasta,8oz,"		$3.59/ea($7.18/lb)",3.59,ea(,7.18/lb),,
2087,Ancient Harvest Quinoa Gluten Free Pasta Elbows,Ancient Harvest Quinoa Gluten Free Pasta Elbows,pas_gf,pasta,8oz,"		$3.59/ea($7.18/lb)",3.59,ea(,7.18/lb),,
2088,Ancient Harvest Quinoa Gluten Free Pasta Shells,Ancient Harvest Quinoa Gluten Free Pasta Shells,pas_gf,pasta,8oz,"		$3.59/ea($7.18/lb)",3.59,ea(,7.18/lb),,
2089,Ancient Harvest Quinoa Gluten Free Rotelle,Ancient Harvest Quinoa Gluten Free Rotelle,pas_gf,pasta,8oz,"		$3.59/ea($7.18/lb)",3.59,ea(,7.18/lb),,
2090,Barilla Gluten-Free Elbows,Barilla Gluten-Free Elbows,pas_gf,pasta,12oz,"		$2.49/ea($3.32/lb)",2.49,ea(,3.32/lb),,
2091,Barilla Gluten-Free Rotini,Barilla Gluten-Free Rotini,pas_gf,pasta,12oz,"		$2.49/ea($3.32/lb)",2.49,ea(,3.32/lb),,
2092,Bionaturae Organic Gluten-Free Elbows,Bionaturae Organic Gluten-Free Elbows,pas_gf,pasta,12oz,"		$4.29/ea($5.72/lb)",4.29,ea(,5.72/lb),,
2093,Bionaturae Organic Gluten-Free Linguine,Bionaturae Organic Gluten-Free Linguine,pas_gf,pasta,12oz,"		$4.29/ea($5.72/lb)",4.29,ea(,5.72/lb),,
2103,RP's Pasta Fresh Gluten Free Fettuccine,RP's Pasta Fresh Gluten Free Fettuccine,pas_gf,pasta,9oz,"		$5.19/ea($9.27/lb)",5.19,ea(,9.27/lb),,
2104,RP's Pasta Fresh Gluten Free Fusilli,RP's Pasta Fresh Gluten Free Fusilli,pas_gf,pasta,9oz,"		$5.19/ea($9.27/lb)",5.19,ea(,9.27/lb),,
2105,RP's Pasta Fresh Gluten Free Linguini,RP's Pasta Fresh Gluten Free Linguini,pas_gf,pasta,9oz,"		$5.19/ea($9.27/lb)",5.19,ea(,9.27/lb),,
2106,RP's Pasta Fresh Gluten Free Spinach Fettuccine,RP's Pasta Fresh Gluten Free Spinach Fettuccine,pas_gf,pasta,9oz,"		$5.19/ea($9.27/lb)",5.19,ea(,9.27/lb),,
2107,Tinkyada Organic Brown Rice Penne,Tinkyada Organic Brown Rice Penne,pas_gf,pasta,12oz,"		$3.99/ea($5.32/lb)",3.99,ea(,5.32/lb),,
2108,Tinkyada Organic Brown Rice Spirals,Tinkyada Organic Brown Rice Spirals,pas_gf,pasta,12oz,"		$3.99/ea($5.32/lb)",3.99,ea(,5.32/lb),,
2109,"DeBoles Rice Spirals, Gluten Free","DeBoles Rice Spirals, Gluten Free",pas_gf,pasta,8oz,"		$2.19/ea($4.38/lb)",2.19,ea(,4.38/lb),,
2110,Tinkyada Brown Rice Fusilli,Tinkyada Brown Rice Fusilli,pas_gf,pasta,16oz,"		$3.69/ea($3.69/lb)",3.69,ea(,3.69/lb),,
2111,Tinkyada Brown Rice Lasagne,Tinkyada Brown Rice Lasagne,pas_gf,pasta,10oz,"		$3.99/ea($6.33/lb)",3.99,ea(,6.33/lb),,
2112,Tinkyada Brown Rice Pasta Elbows,Tinkyada Brown Rice Pasta Elbows,pas_gf,pasta,16oz,"		$3.69/ea($3.69/lb)",3.69,ea(,3.69/lb),,
2113,Tinkyada Brown Rice Pasta Shells,Tinkyada Brown Rice Pasta Shells,pas_gf,pasta,16oz,"		$3.69/ea($3.69/lb)",3.69,ea(,3.69/lb),,
2114,Tinkyada Brown Rice Penne,Tinkyada Brown Rice Penne,pas_gf,pasta,16oz,"		$3.69/ea($3.69/lb)",3.69,ea(,3.69/lb),,
2115,Tinkyada Brown Rice Spaghetti,Tinkyada Brown Rice Spaghetti,pas_gf,pasta,16oz,"		$3.69/ea($3.69/lb)",3.69,ea(,3.69/lb),,
2116,Tinkyada Brown Rice Spirals,Tinkyada Brown Rice Spirals,pas_gf,pasta,16oz,"		$3.69/ea($3.69/lb)",3.69,ea(,3.69/lb),,
2117,Tinkyada Organic Brown Rice Spaghetti,Tinkyada Organic Brown Rice Spaghetti,pas_gf,pasta,12oz,"		$3.99/ea($5.32/lb)",3.99,ea(,5.32/lb),,
2120,Pourcieux Rosé de Provence,Pourcieux Rosé de Provence,vin_type_rose,wine,750ml,"		$14.99/ea($19.99/l)",14.99,ea(,19.99/l),,
2121,Baron Herzog White Zinfandel,Baron Herzog White Zinfandel,vin_type_rose,wine,750ml,"		$8.99/ea($11.99/l)",8.99,ea(,11.99/l),,
2122,Domaine Saint-Cyriaque Rosé,Domaine Saint-Cyriaque Rosé,vin_type_rose,wine,750ml," 	$8.99/ea $9.99Save 10%($11.99/l)",8.99,ea ,9.99Save 10%(11.99/l),11.99/l),
2123,Beringer California Collection White Zinfandel,Beringer California Collection White Zinfandel,vin_type_rose,wine,750ml,"		$9.99/ea($13.32/l)",9.99,ea(,13.32/l),,
2124,Casal de Ventozela Vinho Verde Rose,Casal de Ventozela Vinho Verde Rose,vin_type_rose,wine,750ml,"		$11.99/ea($15.99/l)",11.99,ea(,15.99/l),,
2125,Château Miraval Côtes de Provence Rosé,Château Miraval Côtes de Provence Rosé,vin_type_rose,wine,750ml,"		$27.99/ea($37.32/l)",27.99,ea(,37.32/l),,
2128,Charles & Charles Rosé,Charles & Charles Rosé,vin_type_rose,wine,750ml,"		$13.99/ea($18.65/l)",13.99,ea(,18.65/l),,
2129,Chateau de Campuget Tradition Rosé,Chateau de Campuget Tradition Rosé,vin_type_rose,wine,750ml,"		$11.99/ea($15.99/l)",11.99,ea(,15.99/l),,
2130,Château Rouët Côtes de Provence Rosé  'Reservée' (Half-bottle),Château Rouët Côtes de Provence Rosé  'Reservée' (Half-bottle),vin_type_rose,wine,375ml,"		$9.99/ea($26.64/l)",9.99,ea(,26.64/l),,
2131,Domaine La Croix St Laurent Sancerre Rosé,Domaine La Croix St Laurent Sancerre Rosé,vin_type_rose,wine,750ml,"		$19.99/ea($26.65/l)",19.99,ea(,26.65/l),,
2132,Domaine Sautereau Sancerre Pinot Noir Rosé,Domaine Sautereau Sancerre Pinot Noir Rosé,vin_type_rose,wine,750ml,"		$21.99/ea($29.32/l)",21.99,ea(,29.32/l),,
2133,Gerard Bertrand Gris Blanc Rosé,Gerard Bertrand Gris Blanc Rosé,vin_type_rose,wine,750ml,"		$12.99/ea($17.32/l)",12.99,ea(,17.32/l),,
2134,Jean-Luc Colombo Cape Bleue Rosé,Jean-Luc Colombo Cape Bleue Rosé,vin_type_rose,wine,750ml,"		$13.99/ea($18.65/l)",13.99,ea(,18.65/l),,
2135,Jean-Luc Colombo Cape Bleue Rosé Magnum,Jean-Luc Colombo Cape Bleue Rosé Magnum,vin_type_rose,wine,1.5L (1500ml)," 	$19.99/ea $24.99Save 20%($13.33/l)",19.99,ea ,24.99Save 20%(13.33/l),13.33/l),
2137,Marqués de Cáceres Rosé,Marqués de Cáceres Rosé,vin_type_rose,wine,750ml,"		$9.99/ea($13.32/l)",9.99,ea(,13.32/l),,
2138,Mulderbosch Cabernet Sauvignon Rosé,Mulderbosch Cabernet Sauvignon Rosé,vin_type_rose,wine,750ml,"		$9.99/ea($13.32/l)",9.99,ea(,13.32/l),,
2139,Saget La Petite Perrière Pinot Noir Rosé,Saget La Petite Perrière Pinot Noir Rosé,vin_type_rose,wine,750ml,"		$9.99/ea($13.32/l)",9.99,ea(,13.32/l),,
2140,San Giovanni Il Chiaretto Valtenesi,San Giovanni Il Chiaretto Valtenesi,vin_type_rose,wine,750ml,"		$18.99/ea($25.32/l)",18.99,ea(,25.32/l),,
2141,Whispering Angel Cotes de Provence Rose,Whispering Angel Cotes de Provence Rose,vin_type_rose,wine,750ml,"		$22.99/ea($30.65/l)",22.99,ea(,30.65/l),,
2142,Château Thuerry Côtes de Provence Rosé,Château Thuerry Côtes de Provence Rosé,vin_type_rose,wine,750ml,"		$0.00/null($0.00/l)",0,null(,0.00/l),,
2143,La Vieille Ferme Rosé,La Vieille Ferme Rosé,vin_type_rose,wine,750ml," 	$0.00/null $8.99($0.00/l)",0,null ,8.99(0.00/l),0.00/l),
2144,White Girl Rosé,White Girl Rosé,vin_type_rose,wine,750ml,"		$0.00/null($0.00/l)",0,null(,0.00/l),,
2145,Gruet Brut Rosé Sparkling Wine,Gruet Brut Rosé Sparkling Wine,vin_type_rose,wine,750ml,"		$16.99/ea($22.65/l)",16.99,ea(,22.65/l),,
2146,Marquis de la Tour Brut Rosé,Marquis de la Tour Brut Rosé,vin_type_rose,wine,750ml," 	$9.79/ea $10.99Save 10%($13.05/l)",9.79,ea ,10.99Save 10%(13.05/l),13.05/l),
2147,Cleto Chiarli Rosé Brut,Cleto Chiarli Rosé Brut,vin_type_rose,wine,750ml,"		$27.99/ea($37.32/l)",27.99,ea(,37.32/l),,
2149,Schramsberg Brut Blanc de Noirs,Schramsberg Brut Blanc de Noirs,vin_type_rose,wine,750ml,"		$36.99/ea($49.32/l)",36.99,ea(,49.32/l),,
2150,Taittinger Champagne Cuvee Prestige Rose,Taittinger Champagne Cuvee Prestige Rose,vin_type_rose,wine,750ml,"		$59.99/ea($79.99/l)",59.99,ea(,79.99/l),,
2151,Cristalino Brut Cava Rose,Cristalino Brut Cava Rose,vin_type_rose,wine,750ml,"		$0.00/null($0.00/l)",0,null(,0.00/l),,
2152,"FreshDirect Crab Cakes, Fresh Uncooked","FreshDirect Crab Cakes, Fresh Uncooked",rtc_fish,rtc,2pk,"		$11.99/ea",11.99,ea,,,
2153,FreshDirect Creamy Coleslaw,FreshDirect Creamy Coleslaw,rtc_fish,rtc,14oz,"		$3.99/ea($4.53/lb)",3.99,ea(,4.53/lb),,
2154,"Sustainable Salmon with Lemon & Capers (Char-Marked & Ready-to-Cook, Made with True North Salmon)","Sustainable Salmon with Lemon & Capers (Char-Marked & Ready-to-Cook, Made with True North Salmon)",rtc_fish,rtc,"1pc, 8oz","		$10.99/eaSave! 2 for $20.00",10.99,eaSave! 2 for ,20,,
2155,Banana-Leaf Wrapped Coconut-Cilantro Salmon,Banana-Leaf Wrapped Coconut-Cilantro Salmon,rtc_fish,rtc,1 fillet per pack (approx. 8oz),"		$8.99/ea",8.99,ea,,,
2156,Crab Stuffed Salmon,Crab Stuffed Salmon,rtc_fish,rtc,NA,"		$15.99/lb",15.99,lb,,,
2157,Fish Cubes,Fish Cubes,rtc_fish,rtc,NA,"		$6.99/lb",6.99,lb,,,
2158,Crab Stuffed Sole,Crab Stuffed Sole,rtc_fish,rtc,NA,"		$16.99/lb",16.99,lb,,,
2159,Crab-Stuffed Shrimp,Crab-Stuffed Shrimp,rtc_fish,rtc,4pc,"		$13.99/ea",13.99,ea,,,
2160,Salmon Kabobs (Made with Farm-Raised Salmon),Salmon Kabobs (Made with Farm-Raised Salmon),rtc_fish,rtc,"3pk, about 1.3 lb","		$14.99/3pk",14.99,3pk,,,
2161,Shrimp Kabobs (Made with Farm-Raised Shrimp),Shrimp Kabobs (Made with Farm-Raised Shrimp),rtc_fish,rtc,"3pk, about 1.0 lb","		$18.99/3pk",18.99,3pk,,,
2162,"Shrimp, Lobster & Scallop Kabobs","Shrimp, Lobster & Scallop Kabobs",rtc_fish,rtc,(2 skewers),"		$24.99/2pk",24.99,2pk,,,
2163,Tortilla Crusted Tilapia,Tortilla Crusted Tilapia,rtc_fish,rtc,5-7oz,"		$11.99/lb",11.99,lb,,,
2164,Wasabi Pea and Panko Crusted Salmon (made with farm-raised salmon),Wasabi Pea and Panko Crusted Salmon (made with farm-raised salmon),rtc_fish,rtc,6-8oz,"		$13.99/lb",13.99,lb,,,
2165,Oreganata Crusted Flounder,Oreganata Crusted Flounder,rtc_fish,rtc,6-8oz,"		$17.99/lb",17.99,lb,,,
2166,Spicy Black Pepper Shrimp,Spicy Black Pepper Shrimp,rtc_fish,rtc,(8-10 jumbo shrimp),"		$8.49/ea",8.49,ea,,,
2167,Farm-Raised Cajun Catfish Fillet,Farm-Raised Cajun Catfish Fillet,rtc_fish,rtc,NA,"		$9.99/lb",9.99,lb,,,
2168,Pika's Farm Table Lobster Risotto Cakes,Pika's Farm Table Lobster Risotto Cakes,rtc_fish,rtc,"12ct, 16oz","		$14.99/ea($1.25/ct)",14.99,ea(,1.25/ct),,
2169,Wild Chilean Sea Bass Kabobs,Wild Chilean Sea Bass Kabobs,rtc_fish,rtc,"3pk, about 1.3 lb (Serves 3)","		$29.99/3pk",29.99,3pk,,,
2170,Wild Tuna Kabobs,Wild Tuna Kabobs,rtc_fish,rtc,"3pk, about 1.3 lb (Serves 3)"," 	$16.99/3pk $24.99Save 32%",16.99,3pk ,24.99Save 32%,,
2171,Seafood Variety Pack for Bouillabaisse,Seafood Variety Pack for Bouillabaisse,rtc_fish,rtc,"about 1.3 lbs, serves 2","		$15.99/ea",15.99,ea,,,
2172,Just FreshDirect Kashmiri Saffron,Just FreshDirect Kashmiri Saffron,rtc_fish,rtc,0.75 grams,"		$12.99/ea($649.50/oz)",12.99,ea(,649.50/oz),,
2173,"Farm-Raised Lemon-Dill Salmon, Whole","Farm-Raised Lemon-Dill Salmon, Whole",rtc_fish,rtc,Serves 10-12,"		$95.00/ea",95,ea,,,
2174,Wild Swordfish Kabobs,Wild Swordfish Kabobs,rtc_fish,rtc,"3pk, about 1.3 lb (Serves 3)","		$0.00/null",0,null,,,
2175,"Baby Bella Mushrooms, Packaged","Baby Bella Mushrooms, Packaged",msh,vegetables,8oz,"		$2.99/pk",2.99,pk,,,
2176,"White Button Mushrooms, Packaged","White Button Mushrooms, Packaged",msh,vegetables,NA,"		$1.99/pkg",1.99,pkg,,,
2177,"Organic Baby Bella Mushrooms, Packaged ","Organic Baby Bella Mushrooms, Packaged ",msh,vegetables,8oz pack,"		$3.99/eaAny 2 organic mushrooms for $7.00Mix'n'Match",3.99,eaAny 2 organic mushrooms for ,7.00Mix'n'Match,,
2178,"Sliced Baby Bella Mushrooms, Packaged ","Sliced Baby Bella Mushrooms, Packaged ",msh,vegetables,8oz,"		$3.49/eaSave! 2 for $6.00",3.49,eaSave! 2 for ,6,,
2179,Sliced White Mushroom,Sliced White Mushroom,msh,vegetables,8oz,"		$2.99/eaAny 2 white mushrooms for $5.00Mix'n'Match",2.99,eaAny 2 white mushrooms for ,5.00Mix'n'Match,,
2180,"Gourmet Mushroom Blend, Packaged","Gourmet Mushroom Blend, Packaged",msh,vegetables,4oz,"		$3.99/eaAny 2 gourmet mushrooms for $7.00Mix'n'Match",3.99,eaAny 2 gourmet mushrooms for ,7.00Mix'n'Match,,
2181,"Organic White Mushrooms, Packaged","Organic White Mushrooms, Packaged",msh,vegetables,8oz,"		$3.99/eaAny 2 organic mushrooms for $7.00Mix'n'Match",3.99,eaAny 2 organic mushrooms for ,7.00Mix'n'Match,,
2182,"Organic Portabella Mushroom Caps, Packaged","Organic Portabella Mushroom Caps, Packaged",msh,vegetables,"6oz, 4""","		$3.99/eaAny 2 organic mushrooms for $7.00Mix'n'Match",3.99,eaAny 2 organic mushrooms for ,7.00Mix'n'Match,,
2183,"Organic Shiitake Mushrooms, Packaged","Organic Shiitake Mushrooms, Packaged",msh,vegetables,3.5oz,"		$4.99/ea",4.99,ea,,,
2184,"Shiitake Mushrooms, Packaged","Shiitake Mushrooms, Packaged",msh,vegetables,3.5oz,"		$3.99/ea",3.99,ea,,,
2185,Stir-Fry Blend Mushrooms,Stir-Fry Blend Mushrooms,msh,vegetables,4oz,"		$3.99/eaAny 2 gourmet mushrooms for $7.00Mix'n'Match",3.99,eaAny 2 gourmet mushrooms for ,7.00Mix'n'Match,,
2186,"Baby Petite White Mushrooms, Packaged","Baby Petite White Mushrooms, Packaged",msh,vegetables,6oz,"		$2.99/eaAny 2 white mushrooms for $5.00Mix'n'Match",2.99,eaAny 2 white mushrooms for ,5.00Mix'n'Match,,
2187,"Enoki Mushrooms, Packaged","Enoki Mushrooms, Packaged",msh,vegetables,NA,"		$1.99/pkg",1.99,pkg,,,
2188,Fresh Wild Chanterelle Mushrooms,Fresh Wild Chanterelle Mushrooms,msh,vegetables,3.5oz,"		$7.99/ea",7.99,ea,,,
2189,"Giorgio Portabella Mushroom Caps Stuffed with Parmesan Cheese, Artichokes & Spinach","Giorgio Portabella Mushroom Caps Stuffed with Parmesan Cheese, Artichokes & Spinach",msh,vegetables,8oz,"		$4.99/ea",4.99,ea,,,
2190,Jumbo Portabella Mushroom Caps,Jumbo Portabella Mushroom Caps,msh,vegetables,"20oz, 5""-6"" ea","		$6.99/ea",6.99,ea,,,
2191,"Maitake Mushrooms, Packaged","Maitake Mushrooms, Packaged",msh,vegetables,3.5oz,"		$3.99/eaAny 2 gourmet mushrooms for $7.00Mix'n'Match",3.99,eaAny 2 gourmet mushrooms for ,7.00Mix'n'Match,,
2192,"Oyster Mushrooms, Packaged","Oyster Mushrooms, Packaged",msh,vegetables,3.5oz,"		$3.99/eaAny 2 gourmet mushrooms for $7.00Mix'n'Match",3.99,eaAny 2 gourmet mushrooms for ,7.00Mix'n'Match,,
2193,"Sliced Shiitake Mushrooms, Packaged","Sliced Shiitake Mushrooms, Packaged",msh,vegetables,5oz,"		$3.99/ea",3.99,ea,,,
2194,"Steak Cut Mushrooms, Packaged","Steak Cut Mushrooms, Packaged",msh,vegetables,8oz,"		$2.99/eaAny 2 white mushrooms for $5.00Mix'n'Match",2.99,eaAny 2 white mushrooms for ,5.00Mix'n'Match,,
2195,"Baby Bella Stuffer Mushrooms, Packaged","Baby Bella Stuffer Mushrooms, Packaged",msh,vegetables,6oz,"		$3.99/eaSave! 2 for $7.00",3.99,eaSave! 2 for ,7,,
2196,"Beech Mushrooms, Packaged","Beech Mushrooms, Packaged",msh,vegetables,2.5oz,"		$3.99/eaAny 2 gourmet mushrooms for $7.00Mix'n'Match",3.99,eaAny 2 gourmet mushrooms for ,7.00Mix'n'Match,,
2197,Fresh Wild Morel Mushrooms,Fresh Wild Morel Mushrooms,msh,vegetables,3.5oz,"		$9.99/ea",9.99,ea,,,
2198,"Royal Trumpet Mushrooms, Packaged","Royal Trumpet Mushrooms, Packaged",msh,vegetables,4oz,"		$3.99/eaAny 2 gourmet mushrooms for $7.00Mix'n'Match",3.99,eaAny 2 gourmet mushrooms for ,7.00Mix'n'Match,,
2199,"Sliced Portabella Mushrooms, Packaged","Sliced Portabella Mushrooms, Packaged",msh,vegetables,6oz,"		$3.99/pk",3.99,pk,,,
2200,Dried Extra Fancy Porcini Mushrooms,Dried Extra Fancy Porcini Mushrooms,msh,vegetables,2oz,"		$9.99/ea",9.99,ea,,,
2201,"White Mushroom Stuffing Caps, Packaged","White Mushroom Stuffing Caps, Packaged",msh,vegetables,6oz,"		$2.99/eaAny 2 white mushrooms for $5.00Mix'n'Match",2.99,eaAny 2 white mushrooms for ,5.00Mix'n'Match,,
2202,"Butternut Squash & Toasted Pecan Puffs, Frozen","Butternut Squash & Toasted Pecan Puffs, Frozen",msh,vegetables,NA,"		$9.99/12pcs",9.99,12pcs,,,
2203,Dried Cepe Mushrooms,Dried Cepe Mushrooms,msh,vegetables,2oz,"		$7.99/ea",7.99,ea,,,
2204,Dried Morel Mushrooms,Dried Morel Mushrooms,msh,vegetables,2oz,"		$49.99/ea",49.99,ea,,,
2205,Tzatziki,Tzatziki,hmr_mar_rub,heatneat,8oz,"		$3.99/eaSave! 2 for $7.00($7.98/lb)",3.99,eaSave! 2 for ,7.00(7.98/lb),7.98/lb),
2206,FreshDirect Cilantro Sesame Marinade,FreshDirect Cilantro Sesame Marinade,hmr_mar_rub,heatneat,pint (16 fl oz),"		$3.99/ea($3.99/lb)",3.99,ea(,3.99/lb),,
2207,FreshDirect Fajita Marinade,FreshDirect Fajita Marinade,hmr_mar_rub,heatneat,pint (16 fl oz),"		$3.99/ea($3.99/lb)",3.99,ea(,3.99/lb),,
2209,Horizon Organic Unsalted Butter,Horizon Organic Unsalted Butter,dai_organic,shop,4 sticks (16oz),"		$6.69/ea($6.69/lb)",6.69,ea(,6.69/lb),,
2211,Just FreshDirect Organic Salted Butter,Just FreshDirect Organic Salted Butter,dai_organic,shop,"4 sticks, 16oz","		$5.79/ea($5.79/lb)",5.79,ea(,5.79/lb),,
2212,Horizon Organic Salted Butter,Horizon Organic Salted Butter,dai_organic,shop,4 sticks (16oz),"		$6.69/ea($6.69/lb)",6.69,ea(,6.69/lb),,
2214,"Vermont Creamery Cultured Butter, Salted","Vermont Creamery Cultured Butter, Salted",dai_organic,shop,8oz,"		$4.99/ea($9.98/lb)",4.99,ea(,9.98/lb),,
2215,Vermont Creamery European-Style Cultured Butter with Sea Salt Crystals,Vermont Creamery European-Style Cultured Butter with Sea Salt Crystals,dai_organic,shop,4oz,"		$0.00/null($0.00/lb)",0,null(,0.00/lb),,
2223,"Just FreshDirect Low-Moisture Part-Skim Mozzarella String Cheese, Light","Just FreshDirect Low-Moisture Part-Skim Mozzarella String Cheese, Light",dai_organic,shop,12oz,"		$4.59/ea($6.12/lb)",4.59,ea(,6.12/lb),,
2224,Organic Valley Cheddar Cheese Stringles,Organic Valley Cheddar Cheese Stringles,dai_organic,shop,6oz,"		$5.49/ea($14.45/lb)",5.49,ea(,14.45/lb),,
2225,The Laughing Cow Mini Babybel Cheese,The Laughing Cow Mini Babybel Cheese,dai_organic,shop,6 pc,"		$3.69/ea($0.62/ct)",3.69,ea(,0.62/ct),,
2226,The Laughing Cow Mini Babybel Light Cheese,The Laughing Cow Mini Babybel Light Cheese,dai_organic,shop,6 pc,"		$3.69/ea($0.62/ct)",3.69,ea(,0.62/ct),,
2227,Andrew & Everett Mozzarella String Cheese,Andrew & Everett Mozzarella String Cheese,dai_organic,shop,8ct (1oz ea),"		$4.99/ea($9.98/lb)",4.99,ea(,9.98/lb),,
2228,Applegate Farms Organic Mild Cheddar,Applegate Farms Organic Mild Cheddar,dai_organic,shop,5oz,"		$4.99/ea($16.10/lb)",4.99,ea(,16.10/lb),,
2233,Andrew & Everett Thin Sliced Mild Cheddar Cheese,Andrew & Everett Thin Sliced Mild Cheddar Cheese,dai_organic,shop,7oz,"		$4.59/ea($10.43/lb)",4.59,ea(,10.43/lb),,
2235,Just FreshDirect Sliced Medium Cheddar Cheese,Just FreshDirect Sliced Medium Cheddar Cheese,dai_organic,shop,8oz,"		$3.59/ea($7.18/lb)",3.59,ea(,7.18/lb),,
2236,Just FreshDirect Sliced Swiss Cheese,Just FreshDirect Sliced Swiss Cheese,dai_organic,shop,8oz,"		$3.59/ea($7.18/lb)",3.59,ea(,7.18/lb),,
2237,Organic Valley Colby Jack Cheese Stringles,Organic Valley Colby Jack Cheese Stringles,dai_organic,shop,6oz,"		$5.49/ea($14.45/lb)",5.49,ea(,14.45/lb),,
2238,Organic Valley Cottage Cheese,Organic Valley Cottage Cheese,dai_organic,shop,16oz,"		$5.59/ea($5.59/lb)",5.59,ea(,5.59/lb),,
2239,Organic Valley Low-Fat Cottage Cheese,Organic Valley Low-Fat Cottage Cheese,dai_organic,shop,16oz,"		$5.59/ea($5.59/lb)",5.59,ea(,5.59/lb),,
2241,Organic Valley Sliced Cheddar Cheese,Organic Valley Sliced Cheddar Cheese,dai_organic,shop,6oz," 	$4.59/ea $5.39Save! 2 for $9.00($12.08/lb)",4.59,ea ,5.39Save! 2 for 9.00(12.08/lb),9.00(,12.08/lb)
2244,Andrew & Everett Thin Sliced American Cheese,Andrew & Everett Thin Sliced American Cheese,dai_organic,shop,7oz,"		$4.59/ea($10.43/lb)",4.59,ea(,10.43/lb),,
2245,Andrew & Everett Thin Sliced Muenster Cheese,Andrew & Everett Thin Sliced Muenster Cheese,dai_organic,shop,7oz,"		$4.59/ea($10.43/lb)",4.59,ea(,10.43/lb),,
2246,Andrew & Everett Thin Sliced Pepper Jack Cheese,Andrew & Everett Thin Sliced Pepper Jack Cheese,dai_organic,shop,7oz,"		$4.59/ea($10.43/lb)",4.59,ea(,10.43/lb),,
2247,Andrew & Everett Thin Sliced Swiss Cheese,Andrew & Everett Thin Sliced Swiss Cheese,dai_organic,shop,7oz,"		$4.59/ea($10.43/lb)",4.59,ea(,10.43/lb),,
2248,Applegate Farms Organic Monterey Jack Cheese,Applegate Farms Organic Monterey Jack Cheese,dai_organic,shop,5oz,"		$4.99/ea($16.10/lb)",4.99,ea(,16.10/lb),,
2249,Applegate Farms Organic Muenster Käse Cheese,Applegate Farms Organic Muenster Käse Cheese,dai_organic,shop,5oz,"		$4.99/ea($16.10/lb)",4.99,ea(,16.10/lb),,
2250,Coach Farm Goat Cheese Buttons,Coach Farm Goat Cheese Buttons,dai_organic,shop,2oz,"		$3.99/ea",3.99,ea,,,
2252,Finlandia Sandwich Naturals Imported Heavenly Light Swiss Cheese,Finlandia Sandwich Naturals Imported Heavenly Light Swiss Cheese,dai_organic,shop,6oz,"		$3.99/ea($10.50/lb)",3.99,ea(,10.50/lb),,
2254,"Just FreshDirect Sliced Provolone Cheese, Non-Smoked","Just FreshDirect Sliced Provolone Cheese, Non-Smoked",dai_organic,shop,8oz,"		$3.59/ea($7.18/lb)",3.59,ea(,7.18/lb),,
2255,Organic Valley Classic Line Cheddar Cheese,Organic Valley Classic Line Cheddar Cheese,dai_organic,shop,8oz,"		$5.99/ea($11.98/lb)",5.99,ea(,11.98/lb),,
2256,Organic Valley Sharp Cheddar Cheese,Organic Valley Sharp Cheddar Cheese,dai_organic,shop,8oz,"		$5.99/ea($11.98/lb)",5.99,ea(,11.98/lb),,
2257,Andrew & Everett Thin Sliced Provolone Cheese,Andrew & Everett Thin Sliced Provolone Cheese,dai_organic,shop,7oz,"		$4.59/ea($10.43/lb)",4.59,ea(,10.43/lb),,
2258,Coach Farm Black Pepper Goat Cheese Buttons,Coach Farm Black Pepper Goat Cheese Buttons,dai_organic,shop,2oz,"		$3.99/ea",3.99,ea,,,
2259,Coach Farm Herb Goat Cheese Buttons,Coach Farm Herb Goat Cheese Buttons,dai_organic,shop,2oz,"		$3.99/ea",3.99,ea,,,
2260,Coach Farm Low-Fat Goat Cheese Stick,Coach Farm Low-Fat Goat Cheese Stick,dai_organic,shop,10.5oz,"		$10.99/ea",10.99,ea,,,
2261,Organic Valley Classic Line Monterey Jack Cheese,Organic Valley Classic Line Monterey Jack Cheese,dai_organic,shop,8oz,"		$5.99/ea($11.98/lb)",5.99,ea(,11.98/lb),,
2264,Coach Farm Black Pepper Low-Fat Goat Cheese Stick,Coach Farm Black Pepper Low-Fat Goat Cheese Stick,dai_organic,shop,7oz,"		$9.99/ea",9.99,ea,,,
2265,Coach Farm Double Cream Goat Cheese,Coach Farm Double Cream Goat Cheese,dai_organic,shop,6oz,"		$12.99/ea",12.99,ea,,,
2266,Just FreshDirect Fresh Goat Cheese Log,Just FreshDirect Fresh Goat Cheese Log,dai_organic,shop,4oz,"		$0.00/null($0.00/lb)",0,null(,0.00/lb),,
2267,Organic Valley Raw Sharp Cheddar Cheese,Organic Valley Raw Sharp Cheddar Cheese,dai_organic,shop,8oz,"		$0.00/null($0.00/lb)",0,null(,0.00/lb),,
2269,Just FreshDirect Cream Cheese,Just FreshDirect Cream Cheese,dai_organic,shop,8oz," 	$1.69/ea $1.99Any 2 Just Cheese for $3.00($3.38/lb)Mix'n'Match",1.69,ea ,1.99Any 2 Just Cheese for 3.00(3.38/lb)Mix'n'Match,3.00(,3.38/lb)Mix'n'Match
2271,Organic Valley Cream Cheese Spread,Organic Valley Cream Cheese Spread,dai_organic,shop,8oz,"		$3.59/ea($7.18/lb)",3.59,ea(,7.18/lb),,
2272,Just FreshDirect Neufchâtel Cheese,Just FreshDirect Neufchâtel Cheese,dai_organic,shop,8oz," 	$1.69/ea $1.99Any 2 Just Cheese for $3.00($3.38/lb)Mix'n'Match",1.69,ea ,1.99Any 2 Just Cheese for 3.00(3.38/lb)Mix'n'Match,3.00(,3.38/lb)Mix'n'Match
2273,Organic Valley Cream Cheese,Organic Valley Cream Cheese,dai_organic,shop,8oz,"		$3.59/ea($7.18/lb)",3.59,ea(,7.18/lb),,
2274,"Hope Hummus Organic Hummus, Original Recipe","Hope Hummus Organic Hummus, Original Recipe",dai_organic,shop,8oz,"		$3.99/ea($7.98/lb)",3.99,ea(,7.98/lb),,
2275,Muir Glen Organic Salsa - Medium,Muir Glen Organic Salsa - Medium,dai_organic,shop,16oz,"		$3.39/ea($3.39/lb)",3.39,ea(,3.39/lb),,
2276,Tribe Hummus with 40 Spices,Tribe Hummus with 40 Spices,dai_organic,shop,8oz,"		$3.49/ea($6.98/lb)",3.49,ea(,6.98/lb),,
2277,Tribe Roasted Red Pepper Hummus,Tribe Roasted Red Pepper Hummus,dai_organic,shop,16oz,"		$4.89/ea($4.89/lb)",4.89,ea(,4.89/lb),,
2286,"Hope Hummus Organic Hummus, Jalapeno Cilantro","Hope Hummus Organic Hummus, Jalapeno Cilantro",dai_organic,shop,8oz,"		$3.99/ea($7.98/lb)",3.99,ea(,7.98/lb),,
2287,"Hope Hummus Organic Hummus, Spicy Avocado","Hope Hummus Organic Hummus, Spicy Avocado",dai_organic,shop,8oz,"		$3.99/ea($7.98/lb)",3.99,ea(,7.98/lb),,
2288,Muir Glen Organic Black Bean & Corn Salsa - Medium,Muir Glen Organic Black Bean & Corn Salsa - Medium,dai_organic,shop,16oz,"		$3.39/ea($3.39/lb)",3.39,ea(,3.39/lb),,
2289,Muir Glen Organic Salsa - Mild,Muir Glen Organic Salsa - Mild,dai_organic,shop,16oz,"		$3.39/ea($3.39/lb)",3.39,ea(,3.39/lb),,
2290,"Hope Hummus Organic Hummus, Sriracha","Hope Hummus Organic Hummus, Sriracha",dai_organic,shop,8oz,"		$3.99/ea($7.98/lb)",3.99,ea(,7.98/lb),,
2292,"Tribe Swirl Hummus, Fiery Sriracha","Tribe Swirl Hummus, Fiery Sriracha",dai_organic,shop,16oz,"		$5.99/ea($5.99/lb)",5.99,ea(,5.99/lb),,
2293,"Tribe Swirl Hummus, Garlic & Herb","Tribe Swirl Hummus, Garlic & Herb",dai_organic,shop,16oz,"		$5.99/ea($5.99/lb)",5.99,ea(,5.99/lb),,
2294,"Tribe Swirl Hummus, Salsa","Tribe Swirl Hummus, Salsa",dai_organic,shop,16oz,"		$5.99/ea($5.99/lb)",5.99,ea(,5.99/lb),,
2295,"Tribe Swirl Hummus, Sweet Red Pepper","Tribe Swirl Hummus, Sweet Red Pepper",dai_organic,shop,16oz,"		$5.99/ea($5.99/lb)",5.99,ea(,5.99/lb),,
2296,Tribe Cracked Chili Pepper Hummus,Tribe Cracked Chili Pepper Hummus,dai_organic,shop,8oz," 	$0.00/null $3.49($0.00/lb)",0,null ,3.49(0.00/lb),0.00/lb),
2297,Tribe Roasted Garlic Hummus,Tribe Roasted Garlic Hummus,dai_organic,shop,16oz,"		$0.00/null($0.00/lb)",0,null(,0.00/lb),,
2298,Nature's Yoke Natural Cage-Free Large Brown Eggs,Nature's Yoke Natural Cage-Free Large Brown Eggs,dai_organic,shop,1 dozen,"		$3.59/ea($0.30/ct)",3.59,ea(,0.30/ct),,
2300,Just FreshDirect Organic Large Brown Eggs,Just FreshDirect Organic Large Brown Eggs,dai_organic,shop,1 dozen,"		$3.99/ea($0.33/ct)",3.99,ea(,0.33/ct),,
2301,FreshDirect Naturally Hardwood Smoked Bacon,FreshDirect Naturally Hardwood Smoked Bacon,dai_organic,shop,NA,"		$12.99/lb",12.99,lb,,,
2302,Handsome Brook Farm Organic Grade A Pasture-Raised Brown Eggs,Handsome Brook Farm Organic Grade A Pasture-Raised Brown Eggs,dai_organic,shop,1 dozen,"		$6.19/ea($0.52/ct)",6.19,ea(,0.52/ct),,
2303,Just FreshDirect Organic Extra Large Brown Eggs,Just FreshDirect Organic Extra Large Brown Eggs,dai_organic,shop,1 dozen,"		$4.19/ea($0.35/ct)",4.19,ea(,0.35/ct),,
2305,Applegate Naturals Uncured Good Morning Bacon,Applegate Naturals Uncured Good Morning Bacon,dai_organic,shop,8oz,"		$5.49/ea($10.98/lb)",5.49,ea(,10.98/lb),,
2306,Nature's Yoke Natural Cage-Free Large White Eggs,Nature's Yoke Natural Cage-Free Large White Eggs,dai_organic,shop,1 dozen,"		$3.59/ea($0.30/ct)",3.59,ea(,0.30/ct),,
2308,Applegate Farms The Great Organic Uncured Hot Dog,Applegate Farms The Great Organic Uncured Hot Dog,dai_organic,shop,16oz,"		$8.69/ea($8.69/lb)",8.69,ea(,8.69/lb),,
2309,"Applegate Farms Organic Chicken-Apple Sausage, Fully Cooked","Applegate Farms Organic Chicken-Apple Sausage, Fully Cooked",dai_organic,shop,4 links (12oz),"		$7.99/ea($10.65/lb)",7.99,ea(,10.65/lb),,
2310,"Applegate Farms Organic Sweet Italian Chicken & Turkey Sausage, Fully Cooked","Applegate Farms Organic Sweet Italian Chicken & Turkey Sausage, Fully Cooked",dai_organic,shop,4 links (12oz),"		$7.99/ea($10.65/lb)",7.99,ea(,10.65/lb),,
2311,"Applegate Farms Organic Uncured Chicken Hotdogs, Fully Cooked","Applegate Farms Organic Uncured Chicken Hotdogs, Fully Cooked",dai_organic,shop,12oz,"		$6.99/ea($9.32/lb)",6.99,ea(,9.32/lb),,
2312,"Aidells All Natural Chicken Meatballs, Teriyaki & Pineapple (Fully Cooked)","Aidells All Natural Chicken Meatballs, Teriyaki & Pineapple (Fully Cooked)",dai_organic,shop,12oz,"		$5.99/ea($7.99/lb)",5.99,ea(,7.99/lb),,
2313,"Aidells All Natural Chicken Meatballs, Zesty Italian Style with Mozzarella Cheese (Fully Cooked)","Aidells All Natural Chicken Meatballs, Zesty Italian Style with Mozzarella Cheese (Fully Cooked)",dai_organic,shop,12oz,"		$5.99/ea($7.99/lb)",5.99,ea(,7.99/lb),,
2314,"Aidells All Natural Smoked Chicken Sausage, Sun-Dried Tomato & Kale w/Parmesan (Fully Cooked)","Aidells All Natural Smoked Chicken Sausage, Sun-Dried Tomato & Kale w/Parmesan (Fully Cooked)",dai_organic,shop,12oz,"		$6.49/ea($8.65/lb)",6.49,ea(,8.65/lb),,
2315,"al fresco All Natural Chicken Sausage, Roasted Garlic","al fresco All Natural Chicken Sausage, Roasted Garlic",dai_organic,shop,12oz,"		$5.99/ea($7.99/lb)",5.99,ea(,7.99/lb),,
2316,"al fresco All Natural Chicken Sausage, Roasted Pepper & Asiago","al fresco All Natural Chicken Sausage, Roasted Pepper & Asiago",dai_organic,shop,12oz,"		$5.99/ea($7.99/lb)",5.99,ea(,7.99/lb),,
2317,"al fresco All Natural Chicken Sausage, Spinach & Feta","al fresco All Natural Chicken Sausage, Spinach & Feta",dai_organic,shop,12oz,"		$5.99/ea($7.99/lb)",5.99,ea(,7.99/lb),,
2318,"al fresco All Natural Chicken Sausage, Sweet Apple","al fresco All Natural Chicken Sausage, Sweet Apple",dai_organic,shop,12oz,"		$5.99/ea($7.99/lb)",5.99,ea(,7.99/lb),,
2319,"al fresco All Natural Chicken Sausage, Sweet Italian Style","al fresco All Natural Chicken Sausage, Sweet Italian Style",dai_organic,shop,12oz,"		$5.99/ea($7.99/lb)",5.99,ea(,7.99/lb),,
2323,"BluePrint Organic Cold-Pressed Juice, Green","BluePrint Organic Cold-Pressed Juice, Green",dai_organic,shop,16oz,"		$9.99/ea($9.99/pt)",9.99,ea(,9.99/pt),,
2324,The Splendid Spoon Local Kale and Lentil Soup,The Splendid Spoon Local Kale and Lentil Soup,dai_organic,shop,16oz,"		$6.49/ea($6.49/lb)",6.49,ea(,6.49/lb),,
2325,Just FreshDirect Fresh-Squeezed Grapefruit Juice,Just FreshDirect Fresh-Squeezed Grapefruit Juice,dai_organic,shop,32oz,"		$2.99/ea($1.50/pt)",2.99,ea(,1.50/pt),,
2326,FreshDirect Zucchini Bread,FreshDirect Zucchini Bread,dai_organic,shop,1lb,"		$4.99/ea($4.99/ct)",4.99,ea(,4.99/ct),,
2327,"BluePrint Organic Cold-Pressed Juice, Kale Apple Lemon","BluePrint Organic Cold-Pressed Juice, Kale Apple Lemon",dai_organic,shop,10oz,"		$5.99/ea($9.51/pt)",5.99,ea(,9.51/pt),,
2328,"BluePrint Organic Cold-Pressed Juice, Carrot Lemon","BluePrint Organic Cold-Pressed Juice, Carrot Lemon",dai_organic,shop,10oz,"		$5.99/ea($9.51/pt)",5.99,ea(,9.51/pt),,
2329,"BluePrint Organic Cold-Pressed Juice, Gold","BluePrint Organic Cold-Pressed Juice, Gold",dai_organic,shop,16oz,"		$9.99/ea($9.99/pt)",9.99,ea(,9.99/pt),,
2330,"BluePrint Organic Cold-Pressed Juice, Green","BluePrint Organic Cold-Pressed Juice, Green",dai_organic,shop,32oz,"		$15.99/ea($8.00/pt)",15.99,ea(,8.00/pt),,
2331,"BluePrint Organic Cold-Pressed Juice, Red","BluePrint Organic Cold-Pressed Juice, Red",dai_organic,shop,16oz,"		$9.99/ea($9.99/pt)",9.99,ea(,9.99/pt),,
2332,BluePrint Organic Cold-Pressed Spicy Ginger Limeade,BluePrint Organic Cold-Pressed Spicy Ginger Limeade,dai_organic,shop,16oz,"		$6.99/ea($6.99/pt)",6.99,ea(,6.99/pt),,
2333,"Kevita Sparkling Probiotic Drink, Lemon Ginger","Kevita Sparkling Probiotic Drink, Lemon Ginger",dai_organic,shop,15.2floz (450ml),"		$3.29/ea($3.46/pt)",3.29,ea(,3.46/pt),,
2334,BluePrint Organic Cold-Pressed Spicy Lemonade,BluePrint Organic Cold-Pressed Spicy Lemonade,dai_organic,shop,16oz,"		$6.99/ea($6.99/pt)",6.99,ea(,6.99/pt),,
2335,"Kevita Sparkling Probiotic Drink, Lemon Cayenne Daily Cleanse","Kevita Sparkling Probiotic Drink, Lemon Cayenne Daily Cleanse",dai_organic,shop,15.2floz (450ml),"		$3.29/ea($3.46/pt)",3.29,ea(,3.46/pt),,
2336,BluePrint Organic Non-Dairy Cashew Milk,BluePrint Organic Non-Dairy Cashew Milk,dai_organic,shop,16oz,"		$11.99/ea",11.99,ea,,,
2337,Evolution Fresh Cold-Pressed Organic Orange Juice,Evolution Fresh Cold-Pressed Organic Orange Juice,dai_organic,shop,64oz,"		$9.99/ea($2.50/pt)",9.99,ea(,2.50/pt),,
2338,Noble Organic Orange Juice,Noble Organic Orange Juice,dai_organic,shop,58oz,"		$6.99/ea($1.93/pt)",6.99,ea(,1.93/pt),,
2339,POM Wonderful 100% Pomegranate Juice,POM Wonderful 100% Pomegranate Juice,dai_organic,shop,48oz,"		$11.99/ea($4.00/pt)",11.99,ea(,4.00/pt),,
2340,WTRMLN WTR Cold-Pressed Juiced Watermelon,WTRMLN WTR Cold-Pressed Juiced Watermelon,dai_organic,shop,12floz,"		$3.99/ea($5.32/pt)",3.99,ea(,5.32/pt),,
2341,"BluePrint Organic Cold-Pressed Juice, Orange Grapefruit Lemon","BluePrint Organic Cold-Pressed Juice, Orange Grapefruit Lemon",dai_organic,shop,10oz,"		$5.99/ea($9.51/pt)",5.99,ea(,9.51/pt),,
2342,"BluePrint Organic Cold-Pressed Juice, Red","BluePrint Organic Cold-Pressed Juice, Red",dai_organic,shop,32oz,"		$15.99/ea($8.00/pt)",15.99,ea(,8.00/pt),,
2343,BluePrint Organic Cold-Pressed Spicy Lemonade,BluePrint Organic Cold-Pressed Spicy Lemonade,dai_organic,shop,32oz,"		$10.99/ea($5.50/pt)",10.99,ea(,5.50/pt),,
2344,"BluePrint Renovation Cleanse, Organic","BluePrint Renovation Cleanse, Organic",dai_organic,shop,"6pk, 16oz ea","		$54.99/ea($9.17/pt)",54.99,ea(,9.17/pt),,
2345,Evolution Fresh Cold-Pressed Organic Ginger Limeade Juice Drink,Evolution Fresh Cold-Pressed Organic Ginger Limeade Juice Drink,dai_organic,shop,15.2oz,"		$3.99/ea($4.20/pt)",3.99,ea(,4.20/pt),,
2346,Evolution Fresh Cold-Pressed Organic Grapefruit Juice,Evolution Fresh Cold-Pressed Organic Grapefruit Juice,dai_organic,shop,15.2oz,"		$4.49/ea($4.73/pt)",4.49,ea(,4.73/pt),,
2347,"Green Mustache Organic Cold-Pressured Fruit & Veggie Super-Smoothie, Mixed Berry","Green Mustache Organic Cold-Pressured Fruit & Veggie Super-Smoothie, Mixed Berry",dai_organic,shop,10oz,"		$4.19/ea($6.65/pt)",4.19,ea(,6.65/pt),,
2348,"Green Mustache Organic Cold-Pressured Fruit & Veggie Super-Smoothie, Orange Mango","Green Mustache Organic Cold-Pressured Fruit & Veggie Super-Smoothie, Orange Mango",dai_organic,shop,10oz,"		$4.19/ea($6.65/pt)",4.19,ea(,6.65/pt),,
2349,"Green Mustache Organic Cold-Pressured Fruit & Veggie Super-Smoothie, Strawberry Banana","Green Mustache Organic Cold-Pressured Fruit & Veggie Super-Smoothie, Strawberry Banana",dai_organic,shop,10oz,"		$4.19/ea($6.65/pt)",4.19,ea(,6.65/pt),,
2350,"JUISI Cold-Pressed Raw Juice, Kale Punch","JUISI Cold-Pressed Raw Juice, Kale Punch",dai_organic,shop,16floz (473ml),"		$5.99/ea($5.99/pt)",5.99,ea(,5.99/pt),,
2351,"JUISI Cold-Pressed Raw Juice, Watermelon","JUISI Cold-Pressed Raw Juice, Watermelon",dai_organic,shop,16floz (473ml),"		$5.99/ea($5.99/pt)",5.99,ea(,5.99/pt),,
2352,Just FreshDirect Fresh-Squeezed Lemonade,Just FreshDirect Fresh-Squeezed Lemonade,dai_organic,shop,64oz,"		$5.99/ea",5.99,ea,,,
2353,Noble Organic Grapefruit Juice,Noble Organic Grapefruit Juice,dai_organic,shop,58oz,"		$6.99/ea($1.93/pt)",6.99,ea(,1.93/pt),,
2354,Noble Organic Orange Juice,Noble Organic Orange Juice,dai_organic,shop,32oz,"		$4.99/ea",4.99,ea,,,
2355,Noble Organic Orange Tangerine Juice,Noble Organic Orange Tangerine Juice,dai_organic,shop,58oz,"		$6.99/ea($1.93/pt)",6.99,ea(,1.93/pt),,
2356,POM Wonderful 100% Pomegranate Juice,POM Wonderful 100% Pomegranate Juice,dai_organic,shop,24oz,"		$6.99/ea($4.66/pt)",6.99,ea(,4.66/pt),,
2357,Pure Brazilian Raw Coconut Water,Pure Brazilian Raw Coconut Water,dai_organic,shop,13.5oz,"		$4.99/ea($5.94/pt)",4.99,ea(,5.94/pt),,
2358,"Suja Organic & Cold-Pressured Vegetable & Fruit Juice, Green Supreme","Suja Organic & Cold-Pressured Vegetable & Fruit Juice, Green Supreme",dai_organic,shop,16oz,"		$7.99/ea($7.99/pt)",7.99,ea(,7.99/pt),,
2361,"JUISI Cold-Pressed Raw Juice, Cucumber Mint","JUISI Cold-Pressed Raw Juice, Cucumber Mint",dai_organic,shop,16floz (473ml),"		$5.99/ea($5.99/pt)",5.99,ea(,5.99/pt),,
2362,POM Wonderful 100% Pomegranate Juice,POM Wonderful 100% Pomegranate Juice,dai_organic,shop,"8oz bottles, 8pk","		$18.99/cs($4.75/pt)",18.99,cs(,4.75/pt),,
2363,"Suja Organic & Cold-Pressured Lemon Juice Drink, Master Cleanse","Suja Organic & Cold-Pressured Lemon Juice Drink, Master Cleanse",dai_organic,shop,16oz,"		$6.99/ea($6.99/pt)",6.99,ea(,6.99/pt),,
2364,"Suja Organic & Cold-Pressured Vegetable & Fruit Juice, Fiji","Suja Organic & Cold-Pressured Vegetable & Fruit Juice, Fiji",dai_organic,shop,16oz,"		$7.99/ea($7.99/pt)",7.99,ea(,7.99/pt),,
2365,"Suja Organic & Cold-Pressured Vegetable & Fruit Juice, Fuel","Suja Organic & Cold-Pressured Vegetable & Fruit Juice, Fuel",dai_organic,shop,16oz,"		$7.99/ea($7.99/pt)",7.99,ea(,7.99/pt),,
2366,"Suja Organic & Cold-Pressured Vegetable & Fruit Juice, Glow","Suja Organic & Cold-Pressured Vegetable & Fruit Juice, Glow",dai_organic,shop,16oz,"		$7.99/ea($7.99/pt)",7.99,ea(,7.99/pt),,
2367,"JUISI Cold-Pressed Raw Juice, Pineapple Jamu","JUISI Cold-Pressed Raw Juice, Pineapple Jamu",dai_organic,shop,16floz (473ml),"		$0.00/null($0.00/pt)",0,null(,0.00/pt),,
2368,"Suja Organic & Cold-Pressured Lemon Juice Drink, Lemon Love","Suja Organic & Cold-Pressured Lemon Juice Drink, Lemon Love",dai_organic,shop,16oz,"		$0.00/null($0.00/pt)",0,null(,0.00/pt),,
2369,"Bertagni Fire-Roasted Tomato, Mozzarella and Basil Ravioli","Bertagni Fire-Roasted Tomato, Mozzarella and Basil Ravioli",dai_organic,shop,(appx 8.8oz),"		$5.39/ea($9.80/lb)",5.39,ea(,9.80/lb),,
2370,Bertagni Ricotta and Parmigiano Reggiano Tortelloni,Bertagni Ricotta and Parmigiano Reggiano Tortelloni,dai_organic,shop,(appx 8.8oz),"		$5.39/ea($9.80/lb)",5.39,ea(,9.80/lb),,
2371,Bertagni Spinach and Ricotta Ravioloni,Bertagni Spinach and Ricotta Ravioloni,dai_organic,shop,(appx 8.8oz),"		$5.39/ea($9.80/lb)",5.39,ea(,9.80/lb),,
2372,Revolution Foods All-Natural Cheese Pizza Jet Pack,Revolution Foods All-Natural Cheese Pizza Jet Pack,dai_organic,shop,4.2oz," 	$3.49/ea $3.99Any 2 Snacks for $6.50($13.42/lb)Mix'n'Match",3.49,ea ,3.99Any 2 Snacks for 6.50(13.42/lb)Mix'n'Match,6.50(,13.42/lb)Mix'n'Match
2373,Revolution Foods All-Natural Ham & Cheddar Jet Pack,Revolution Foods All-Natural Ham & Cheddar Jet Pack,dai_organic,shop,3.19oz," 	$3.49/ea $3.99Any 2 Snacks for $6.50($17.45/lb)Mix'n'Match",3.49,ea ,3.99Any 2 Snacks for 6.50(17.45/lb)Mix'n'Match,6.50(,17.45/lb)Mix'n'Match
2374,Revolution Foods All-Natural Turkey & Cheddar Jet Pack,Revolution Foods All-Natural Turkey & Cheddar Jet Pack,dai_organic,shop,3.19oz," 	$3.49/ea $3.99Any 2 Snacks for $6.50($17.45/lb)Mix'n'Match",3.49,ea ,3.99Any 2 Snacks for 6.50(17.45/lb)Mix'n'Match,6.50(,17.45/lb)Mix'n'Match
2375,Revolution Foods Baked Popcorn Chicken Jet Pack,Revolution Foods Baked Popcorn Chicken Jet Pack,dai_organic,shop,3.9oz," 	$0.00/null $3.99Any 2 Snacks for $6.50($0.00/lb)Mix'n'Match",0,null ,3.99Any 2 Snacks for 6.50(0.00/lb)Mix'n'Match,6.50(,0.00/lb)Mix'n'Match
2376,Just FreshDirect Organic Whole Milk,Just FreshDirect Organic Whole Milk,dai_organic,shop,1/2 gallon,"		$3.99/ea",3.99,ea,,,
2377,"Just FreshDirect Granola, Fruit & Nut","Just FreshDirect Granola, Fruit & Nut",dai_organic,shop,13oz,"		$5.99/ea($7.40/lb)",5.99,ea(,7.40/lb),,
2378,Just FreshDirect Organic 1% Lowfat Milk,Just FreshDirect Organic 1% Lowfat Milk,dai_organic,shop,1/2 gallon,"		$3.99/ea",3.99,ea,,,
2380,Just FreshDirect Organic 2% Reduced Fat Milk,Just FreshDirect Organic 2% Reduced Fat Milk,dai_organic,shop,1/2 gallon,"		$3.99/ea",3.99,ea,,,
2382,Just FreshDirect Organic Fat Free Milk,Just FreshDirect Organic Fat Free Milk,dai_organic,shop,1/2 gallon,"		$3.99/ea",3.99,ea,,,
2384,Organic Valley Half & Half,Organic Valley Half & Half,dai_organic,shop,1 quart,"		$4.39/ea",4.39,ea,,,
2386,Amish Country Farms Organic Whole Milk,Amish Country Farms Organic Whole Milk,dai_organic,shop,1/2 gallon,"		$4.59/ea",4.59,ea,,,
2387,Horizon Organic 2% Milk,Horizon Organic 2% Milk,dai_organic,shop,"1/2 gallon, 64oz","		$5.29/ea",5.29,ea,,,
2389,Horizon Organic Whole Milk,Horizon Organic Whole Milk,dai_organic,shop,1/2 gallon (64oz.),"		$5.29/ea",5.29,ea,,,
2391,Organic Valley 2% Milk,Organic Valley 2% Milk,dai_organic,shop,1/2 gallon,"		$5.59/ea",5.59,ea,,,
2393,Organic Valley Half & Half,Organic Valley Half & Half,dai_organic,shop,1 pint,"		$2.69/ea",2.69,ea,,,
2394,Organic Valley Nonfat Milk,Organic Valley Nonfat Milk,dai_organic,shop,1/2 gallon,"		$5.59/ea",5.59,ea,,,
2396,Organic Valley Ultra-Pasteurized Whole Milk,Organic Valley Ultra-Pasteurized Whole Milk,dai_organic,shop,1/2 gallon,"		$5.59/ea",5.59,ea,,,
2398,Skim Plus Milk,Skim Plus Milk,dai_organic,shop,1/2 gallon,"		$4.39/ea",4.39,ea,,,
2399,Amish Country Farms Organic 1% Milk,Amish Country Farms Organic 1% Milk,dai_organic,shop,1/2 gallon,"		$4.59/ea",4.59,ea,,,
2400,Amish Country Farms Organic 2% Milk,Amish Country Farms Organic 2% Milk,dai_organic,shop,1/2 gallon,"		$4.59/ea",4.59,ea,,,
2402,Amish Country Farms Organic Fat-Free Milk,Amish Country Farms Organic Fat-Free Milk,dai_organic,shop,1/2 gallon,"		$4.59/ea",4.59,ea,,,
2403,Horizon Organic 1% Milk,Horizon Organic 1% Milk,dai_organic,shop,1/2 gallon (64 oz),"		$5.29/ea",5.29,ea,,,
2404,Horizon Organic Fat Free Milk,Horizon Organic Fat Free Milk,dai_organic,shop,"1/2 gallon, (64oz)","		$5.29/ea",5.29,ea,,,
2405,Organic Valley 1% Milk,Organic Valley 1% Milk,dai_organic,shop,1/2 gallon,"		$5.59/ea",5.59,ea,,,
2407,Organic Valley Lactose-Free Low-Fat Milk,Organic Valley Lactose-Free Low-Fat Milk,dai_organic,shop,1/2 gallon,"		$5.99/ea",5.99,ea,,,
2408,"Silk PureAlmond All-Natural Almond Milk, Original","Silk PureAlmond All-Natural Almond Milk, Original",dai_organic,shop,1/2 gallon,"		$4.19/ea",4.19,ea,,,
2409,Mountainside Farms Locally Produced rBST free Fat Free Milk,Mountainside Farms Locally Produced rBST free Fat Free Milk,dai_organic,shop,1/2 gallon,"		$3.49/ea",3.49,ea,,,
2410,Mountainside Farms Locally Produced rBST free UltraPure 1% Lowfat Milk,Mountainside Farms Locally Produced rBST free UltraPure 1% Lowfat Milk,dai_organic,shop,1/2 gallon,"		$3.49/ea",3.49,ea,,,
2411,Mountainside Farms Locally Produced rBST free UltraPure 2% Reduced Fat Milk,Mountainside Farms Locally Produced rBST free UltraPure 2% Reduced Fat Milk,dai_organic,shop,1/2 gallon,"		$3.49/ea",3.49,ea,,,
2412,Mountainside Farms Locally Produced rBST free UltraPure Milk,Mountainside Farms Locally Produced rBST free UltraPure Milk,dai_organic,shop,1/2 gallon,"		$3.49/ea",3.49,ea,,,
2413,Ronnybrook All Natural Creamline Milk,Ronnybrook All Natural Creamline Milk,dai_organic,shop,64oz,"		$3.99/ea",3.99,ea,,,
2414,"Silk PureAlmond All-Natural Almond Milk, Vanilla","Silk PureAlmond All-Natural Almond Milk, Vanilla",dai_organic,shop,1/2 gallon,"		$4.19/ea",4.19,ea,,,
2415,"Silk Soymilk, Plain","Silk Soymilk, Plain",dai_organic,shop,1/2 gallon,"		$4.19/ea",4.19,ea,,,
2416,Skim Plus Milk,Skim Plus Milk,dai_organic,shop,1 quart,"		$2.79/ea",2.79,ea,,,
2417,Horizon Organic Chocolate Organic Lowfat Milk,Horizon Organic Chocolate Organic Lowfat Milk,dai_organic,shop,6pk (8oz boxes),"		$7.29/ea($2.43/pt)",7.29,ea(,2.43/pt),,
2418,Horizon Organic Vanilla Organic Lowfat Milk,Horizon Organic Vanilla Organic Lowfat Milk,dai_organic,shop,6pk (8oz boxes),"		$7.29/ea($2.43/pt)",7.29,ea(,2.43/pt),,
2419,Organic Valley Reduced Fat Chocolate Milk,Organic Valley Reduced Fat Chocolate Milk,dai_organic,shop,1/2 gallon,"		$6.49/ea",6.49,ea,,,
2420,Ronnybrook All Natural Heavy Cream,Ronnybrook All Natural Heavy Cream,dai_organic,shop,12oz,"		$4.19/ea",4.19,ea,,,
2421,Ronnybrook All-Natural Low-Fat Milk,Ronnybrook All-Natural Low-Fat Milk,dai_organic,shop,64oz,"		$3.99/ea",3.99,ea,,,
2422,Ronnybrook All-Natural Skim Milk,Ronnybrook All-Natural Skim Milk,dai_organic,shop,64oz,"		$3.99/ea",3.99,ea,,,
2423,"Silk Light Soymilk, Plain","Silk Light Soymilk, Plain",dai_organic,shop,1/2 gallon,"		$4.19/ea",4.19,ea,,,
2424,"Silk Light Soymilk, Vanilla","Silk Light Soymilk, Vanilla",dai_organic,shop,1/2 gallon,"		$4.19/ea",4.19,ea,,,
2425,"Silk Soymilk, Plain","Silk Soymilk, Plain",dai_organic,shop,1 quart,"		$2.49/ea",2.49,ea,,,
2426,"Silk Soymilk, Unsweetened","Silk Soymilk, Unsweetened",dai_organic,shop,1/2 gallon,"		$4.19/ea",4.19,ea,,,
2427,"Silk Soymilk, Vanilla","Silk Soymilk, Vanilla",dai_organic,shop,1/2 gallon,"		$4.19/ea",4.19,ea,,,
2428,"Rice Dream Original, Enriched","Rice Dream Original, Enriched",dai_organic,shop,32oz carton,"		$2.69/ea($1.34/pt)",2.69,ea(,1.34/pt),,
2429,"Rice Dream Vanilla, Enriched","Rice Dream Vanilla, Enriched",dai_organic,shop,32oz carton,"		$2.69/ea($1.34/pt)",2.69,ea(,1.34/pt),,
2430,Ronnybrook All Natural Chocolate Milk,Ronnybrook All Natural Chocolate Milk,dai_organic,shop,64oz,"		$4.19/ea",4.19,ea,,,
2431,Ronnybrook All Natural Half & Half,Ronnybrook All Natural Half & Half,dai_organic,shop,12oz,"		$3.29/ea",3.29,ea,,,
2432,Ronnybrook All Natural Single Serving Chocolate Milk,Ronnybrook All Natural Single Serving Chocolate Milk,dai_organic,shop,12oz,"		$1.69/ea",1.69,ea,,,
2433,Ronnybrook All Natural Single Serving Creamline Milk,Ronnybrook All Natural Single Serving Creamline Milk,dai_organic,shop,12oz,"		$1.69/ea",1.69,ea,,,
2434,"Silk Soy Creamer, Original","Silk Soy Creamer, Original",dai_organic,shop,1 pint,"		$2.39/ea",2.39,ea,,,
2435,"Silk Soy Creamer, Vanilla","Silk Soy Creamer, Vanilla",dai_organic,shop,1 pint,"		$2.39/ea",2.39,ea,,,
2436,"Silk Soymilk, Chocolate","Silk Soymilk, Chocolate",dai_organic,shop,1 quart,"		$2.49/ea",2.49,ea,,,
2437,"Silk Soymilk, Vanilla","Silk Soymilk, Vanilla",dai_organic,shop,1 quart,"		$2.49/ea",2.49,ea,,,
2438,Rice Dream Original,Rice Dream Original,dai_organic,shop,32oz carton,"		$2.69/ea($1.34/pt)",2.69,ea(,1.34/pt),,
2439,Ronnybrook All-Natural Chocolate Low-Fat Milk,Ronnybrook All-Natural Chocolate Low-Fat Milk,dai_organic,shop,64oz,"		$4.19/ea",4.19,ea,,,
2440,Sky Top Farms Unhomogenized Organic Grass-Fed Lowfat Milk,Sky Top Farms Unhomogenized Organic Grass-Fed Lowfat Milk,dai_organic,shop,32oz,"		$3.99/ea",3.99,ea,,,
2441,"Mountainside Farms Locally Produced rBST free Fat Free Milk, Case","Mountainside Farms Locally Produced rBST free Fat Free Milk, Case",dai_organic,shop,"case of 6, 1/2 gallon ea","		$18.49/box",18.49,box,,,
2442,"Mountainside Farms Locally Produced rBST free UltraPure 1% Lowfat Milk, Case","Mountainside Farms Locally Produced rBST free UltraPure 1% Lowfat Milk, Case",dai_organic,shop,"case of 6, 1/2 gallon ea","		$18.49/box",18.49,box,,,
2443,"Mountainside Farms Locally Produced rBST free UltraPure 2% Reduced Fat Milk, Case","Mountainside Farms Locally Produced rBST free UltraPure 2% Reduced Fat Milk, Case",dai_organic,shop,"case of 6, 1/2 gallon ea","		$18.49/box",18.49,box,,,
2444,"Mountainside Farms Locally Produced rBST free UltraPure Milk, Case","Mountainside Farms Locally Produced rBST free UltraPure Milk, Case",dai_organic,shop,"case of 6, 1/2 gallon ea","		$18.49/box",18.49,box,,,
2445,"Silk Soymilk, Plain, Case","Silk Soymilk, Plain, Case",dai_organic,shop,"1/2 gallon, 6 per case","		$22.49/cs",22.49,cs,,,
2446,Sky Top Farms Unhomogenized Organic Grass-Fed Whole Milk,Sky Top Farms Unhomogenized Organic Grass-Fed Whole Milk,dai_organic,shop,32oz,"		$0.00/null",0,null,,,
2447,Organic Valley Sour Cream,Organic Valley Sour Cream,dai_organic,shop,16oz,"		$3.99/ea($3.99/lb)",3.99,ea(,3.99/lb),,
2448,Organic Valley Low-Fat Sour Cream,Organic Valley Low-Fat Sour Cream,dai_organic,shop,16oz,"		$3.99/ea($3.99/lb)",3.99,ea(,3.99/lb),,
2449,Nasoya Organic Extra Firm Tofu,Nasoya Organic Extra Firm Tofu,dai_organic,shop,14oz,"		$2.99/ea($3.40/lb)",2.99,ea(,3.40/lb),,
2450,Nasoya Organic Firm Tofu,Nasoya Organic Firm Tofu,dai_organic,shop,14oz,"		$2.99/ea($3.40/lb)",2.99,ea(,3.40/lb),,
2451,Nasoya Firm Lite Tofu,Nasoya Firm Lite Tofu,dai_organic,shop,14oz,"		$2.99/ea($3.40/lb)",2.99,ea(,3.40/lb),,
2452,Fage TOTAL 0% Plain Greek Yogurt,Fage TOTAL 0% Plain Greek Yogurt,dai_organic,shop,6oz (170g),"		$1.69/ea($4.45/lb)",1.69,ea(,4.45/lb),,
2454,Fage TOTAL 2% Greek Yogurt with Strawberry,Fage TOTAL 2% Greek Yogurt with Strawberry,dai_organic,shop,5.3oz (150g),"		$1.69/ea($5.12/lb)",1.69,ea(,5.12/lb),,
2455,"Just FreshDirect Granola, Chocolate Berry","Just FreshDirect Granola, Chocolate Berry",dai_organic,shop,13oz,"		$5.99/ea($7.40/lb)",5.99,ea(,7.40/lb),,
2456,Fage TOTAL 2% Greek Yogurt with Cherry,Fage TOTAL 2% Greek Yogurt with Cherry,dai_organic,shop,5.3oz (150g),"		$1.69/ea($5.12/lb)",1.69,ea(,5.12/lb),,
2457,"Just FreshDirect Local Nonfat Greek Yogurt, Black Cherry","Just FreshDirect Local Nonfat Greek Yogurt, Black Cherry",dai_organic,shop,5.3oz,"		$1.29/ea($3.91/lb)",1.29,ea(,3.91/lb),,
2458,Fage TOTAL 2% Greek Yogurt with Peach,Fage TOTAL 2% Greek Yogurt with Peach,dai_organic,shop,5.3oz (150g),"		$1.69/ea($5.12/lb)",1.69,ea(,5.12/lb),,
2459,Fage TOTAL 0% Plain Greek Yogurt,Fage TOTAL 0% Plain Greek Yogurt,dai_organic,shop,35.3oz,"		$7.19/ea($3.25/lb)",7.19,ea(,3.25/lb),,
2460,"Siggi's Skyr Icelandic-Style Strained Non-Fat Yogurt, Vanilla","Siggi's Skyr Icelandic-Style Strained Non-Fat Yogurt, Vanilla",dai_organic,shop,5.3oz,"		$1.99/ea($6.03/lb)",1.99,ea(,6.03/lb),,
2461,"B'more Organic Skyr Smoothie, Vanilla","B'more Organic Skyr Smoothie, Vanilla",dai_organic,shop,16oz,"		$3.99/ea($3.99/lb)",3.99,ea(,3.99/lb),,
2462,"Stonyfield Organic Smooth & Creamy Whole Milk Yogurt, Plain","Stonyfield Organic Smooth & Creamy Whole Milk Yogurt, Plain",dai_organic,shop,32oz,"		$4.39/ea($2.20/lb)",4.39,ea(,2.20/lb),,
2463,"Stonyfield Organic YoKids Lowfat Yogurt, Blueberry & Strawberry Vanilla","Stonyfield Organic YoKids Lowfat Yogurt, Blueberry & Strawberry Vanilla",dai_organic,shop,6pk (4oz ea),"		$4.49/ea($2.99/lb)",4.49,ea(,2.99/lb),,
2464,"Stonyfield Organic YoKids Squeezers, Cherry Berry","Stonyfield Organic YoKids Squeezers, Cherry Berry",dai_organic,shop,8pk (16oz),"		$4.29/ea($4.29/lb)",4.29,ea(,4.29/lb),,
2465,"Stonyfield Organic YoKids Squeezers, Strawberry","Stonyfield Organic YoKids Squeezers, Strawberry",dai_organic,shop,8pk (16oz),"		$4.29/ea($4.29/lb)",4.29,ea(,4.29/lb),,
2466,Fage TOTAL 0% Plain Greek Yogurt,Fage TOTAL 0% Plain Greek Yogurt,dai_organic,shop,17.6oz (500g),"		$3.99/ea",3.99,ea,,,
2467,Fage TOTAL 2% Greek Yogurt with Honey,Fage TOTAL 2% Greek Yogurt with Honey,dai_organic,shop,5.3oz (150g),"		$1.69/ea($5.12/lb)",1.69,ea(,5.12/lb),,
2468,Fage TOTAL Classic Plain Greek Yogurt,Fage TOTAL Classic Plain Greek Yogurt,dai_organic,shop,7oz (200g),"		$1.69/ea($3.84/lb)",1.69,ea(,3.84/lb),,
2469,Fage TOTAL Classic Plain Greek Yogurt,Fage TOTAL Classic Plain Greek Yogurt,dai_organic,shop,17.6oz (500g),"		$3.99/ea($3.63/lb)",3.99,ea(,3.63/lb),,
2471,"Siggi's Skyr Icelandic-Style Strained Non-Fat Yogurt, Blueberry","Siggi's Skyr Icelandic-Style Strained Non-Fat Yogurt, Blueberry",dai_organic,shop,5.3oz,"		$1.99/ea($6.03/lb)",1.99,ea(,6.03/lb),,
2472,"Stonyfield Organic Smooth & Creamy Lowfat Yogurt, Plain","Stonyfield Organic Smooth & Creamy Lowfat Yogurt, Plain",dai_organic,shop,32oz,"		$4.39/ea($2.20/lb)",4.39,ea(,2.20/lb),,
2473,"Stonyfield Organic Smooth & Creamy Whole Milk Yogurt, French Vanilla","Stonyfield Organic Smooth & Creamy Whole Milk Yogurt, French Vanilla",dai_organic,shop,32oz,"		$4.39/ea($2.20/lb)",4.39,ea(,2.20/lb),,
2474,"Stonyfield Organic YoKids Lowfat Yogurt, Strawberry & Strawberry Banana","Stonyfield Organic YoKids Lowfat Yogurt, Strawberry & Strawberry Banana",dai_organic,shop,6pk (4oz ea),"		$4.49/ea",4.49,ea,,,
2475,"Brown Cow Smooth & Creamy Cream Top Yogurt, Maple","Brown Cow Smooth & Creamy Cream Top Yogurt, Maple",dai_organic,shop,6oz,"		$1.19/ea($3.13/lb)",1.19,ea(,3.13/lb),,
2476,Fage TOTAL 2% Plain Greek Yogurt,Fage TOTAL 2% Plain Greek Yogurt,dai_organic,shop,17.6oz (500g),"		$3.99/ea($3.63/lb)",3.99,ea(,3.63/lb),,
2477,Fage TOTAL Classic Greek Yogurt with Strawberry,Fage TOTAL Classic Greek Yogurt with Strawberry,dai_organic,shop,5.3oz (150g),"		$1.69/ea($5.12/lb)",1.69,ea(,5.12/lb),,
2478,"Kozy Shack Chocolate Pudding, All Natural","Kozy Shack Chocolate Pudding, All Natural",dai_organic,shop,6pk (4oz ea),"		$3.89/ea($2.59/lb)",3.89,ea(,2.59/lb),,
2479,"Kozy Shack Rice Pudding, All Natural","Kozy Shack Rice Pudding, All Natural",dai_organic,shop,6pk (4oz ea),"		$3.89/ea",3.89,ea,,,
2480,"Ronnybrook Single Serving Yogurt Drink, Blackberry","Ronnybrook Single Serving Yogurt Drink, Blackberry",dai_organic,shop,12oz," 	$1.99/ea $2.49Save 20%($2.65/lb)",1.99,ea ,2.49Save 20%(2.65/lb),2.65/lb),
2481,"Ronnybrook Single Serving Yogurt Drink, Strawberry","Ronnybrook Single Serving Yogurt Drink, Strawberry",dai_organic,shop,12oz," 	$1.99/ea $2.49Save 20%($2.65/lb)",1.99,ea ,2.49Save 20%(2.65/lb),2.65/lb),
2482,"Siggi's Skyr Icelandic-Style Strained Non-Fat Yogurt, Orange & Ginger","Siggi's Skyr Icelandic-Style Strained Non-Fat Yogurt, Orange & Ginger",dai_organic,shop,5.3oz,"		$1.99/ea($6.03/lb)",1.99,ea(,6.03/lb),,
2483,"Siggi's Skyr Icelandic-Style Strained Non-Fat Yogurt, Plain","Siggi's Skyr Icelandic-Style Strained Non-Fat Yogurt, Plain",dai_organic,shop,5.3oz,"		$1.99/ea($6.03/lb)",1.99,ea(,6.03/lb),,
2484,"Siggi's Skyr Icelandic-Style Strained Non-Fat Yogurt, Pomegranate & Passion Fruit","Siggi's Skyr Icelandic-Style Strained Non-Fat Yogurt, Pomegranate & Passion Fruit",dai_organic,shop,5.3oz,"		$1.99/ea($6.03/lb)",1.99,ea(,6.03/lb),,
2485,"Stonyfield Organic Greek Fat-Free Yogurt, Vanilla","Stonyfield Organic Greek Fat-Free Yogurt, Vanilla",dai_organic,shop,5.3oz,"		$1.99/ea($6.03/lb)",1.99,ea(,6.03/lb),,
2486,"Stonyfield Organic Smoothie, Wild Berry","Stonyfield Organic Smoothie, Wild Berry",dai_organic,shop,10oz,"		$2.19/ea",2.19,ea,,,
2487,"Stonyfield Organic YoBaby Whole Milk Yogurt, Banana & Mango","Stonyfield Organic YoBaby Whole Milk Yogurt, Banana & Mango",dai_organic,shop,"6pk, 4oz ea","		$4.49/ea($2.99/lb)",4.49,ea(,2.99/lb),,
2488,"Stonyfield Organic YoBaby Whole Milk Yogurt, Blueberry & Apple","Stonyfield Organic YoBaby Whole Milk Yogurt, Blueberry & Apple",dai_organic,shop,"6pk, 4oz ea","		$4.49/ea($2.99/lb)",4.49,ea(,2.99/lb),,
2489,"Stonyfield Organic YoBaby Whole Milk Yogurt, Peach & Pear","Stonyfield Organic YoBaby Whole Milk Yogurt, Peach & Pear",dai_organic,shop,"6pk, 4oz ea","		$4.49/ea($2.99/lb)",4.49,ea(,2.99/lb),,
2490,"Stonyfield Organic YoBaby Whole Milk Yogurt, Vanilla","Stonyfield Organic YoBaby Whole Milk Yogurt, Vanilla",dai_organic,shop,"6pk, 4oz ea","		$4.49/ea($2.99/lb)",4.49,ea(,2.99/lb),,
2491,"Brown Cow Fruit on the Bottom Cream Top Yogurt, Strawberry","Brown Cow Fruit on the Bottom Cream Top Yogurt, Strawberry",dai_organic,shop,6oz,"		$1.19/ea($3.13/lb)",1.19,ea(,3.13/lb),,
2492,"Brown Cow Smooth & Creamy Cream Top Yogurt, Coffee","Brown Cow Smooth & Creamy Cream Top Yogurt, Coffee",dai_organic,shop,6oz,"		$1.19/ea($3.13/lb)",1.19,ea(,3.13/lb),,
2493,"Brown Cow Smooth & Creamy Cream Top Yogurt, Plain","Brown Cow Smooth & Creamy Cream Top Yogurt, Plain",dai_organic,shop,6oz,"		$1.19/ea($3.13/lb)",1.19,ea(,3.13/lb),,
2494,"Brown Cow Smooth & Creamy Cream Top Yogurt, Vanilla","Brown Cow Smooth & Creamy Cream Top Yogurt, Vanilla",dai_organic,shop,6oz,"		$1.19/ea($3.13/lb)",1.19,ea(,3.13/lb),,
2495,Fage TOTAL Classic Greek Yogurt with Honey,Fage TOTAL Classic Greek Yogurt with Honey,dai_organic,shop,5.3oz (150g),"		$1.69/ea($5.12/lb)",1.69,ea(,5.12/lb),,
2496,Ronnybrook Single Serving Maple Vanilla Yogurt,Ronnybrook Single Serving Maple Vanilla Yogurt,dai_organic,shop,6 oz,"		$1.59/ea($4.18/lb)",1.59,ea(,4.18/lb),,
2497,"Ronnybrook Single Serving Yogurt Drink, Mango","Ronnybrook Single Serving Yogurt Drink, Mango",dai_organic,shop,12oz," 	$1.99/ea $2.49Save 20%($2.65/lb)",1.99,ea ,2.49Save 20%(2.65/lb),2.65/lb),
2498,"Ronnybrook Single Serving Yogurt Drink, Peach","Ronnybrook Single Serving Yogurt Drink, Peach",dai_organic,shop,12oz," 	$1.99/ea $2.49Save 20%($2.65/lb)",1.99,ea ,2.49Save 20%(2.65/lb),2.65/lb),
2499,"Stonyfield Organic Greek Fat-Free Yogurt, Plain","Stonyfield Organic Greek Fat-Free Yogurt, Plain",dai_organic,shop,5.3oz,"		$1.99/ea($6.03/lb)",1.99,ea(,6.03/lb),,
2500,"Stonyfield Organic Greek Fat-Free Yogurt, Plain","Stonyfield Organic Greek Fat-Free Yogurt, Plain",dai_organic,shop,16oz,"		$4.99/ea($4.99/lb)",4.99,ea(,4.99/lb),,
2501,"Stonyfield Organic O'Soy Yogurt, Blueberry","Stonyfield Organic O'Soy Yogurt, Blueberry",dai_organic,shop,6oz,"		$1.19/ea($3.13/lb)",1.19,ea(,3.13/lb),,
2502,"Stonyfield Organic O'Soy Yogurt, Raspberry","Stonyfield Organic O'Soy Yogurt, Raspberry",dai_organic,shop,6oz,"		$1.19/ea($3.13/lb)",1.19,ea(,3.13/lb),,
2503,"Stonyfield Organic O'Soy Yogurt, Strawberry","Stonyfield Organic O'Soy Yogurt, Strawberry",dai_organic,shop,6oz,"		$1.19/ea($3.13/lb)",1.19,ea(,3.13/lb),,
2504,"Stonyfield Organic Smooth & Creamy Fat-Free Yogurt, French Vanilla","Stonyfield Organic Smooth & Creamy Fat-Free Yogurt, French Vanilla",dai_organic,shop,6oz,"		$1.19/ea($3.13/lb)",1.19,ea(,3.13/lb),,
2505,"Stonyfield Organic Smoothie, Peach","Stonyfield Organic Smoothie, Peach",dai_organic,shop,10oz,"		$2.19/ea",2.19,ea,,,
2506,"Stonyfield Organic YoToddler Whole Milk Yogurt with Fruit & Cereal, Raspberry Pear with DHA","Stonyfield Organic YoToddler Whole Milk Yogurt with Fruit & Cereal, Raspberry Pear with DHA",dai_organic,shop,"6pk, 4oz ea","		$4.49/ea($2.99/lb)",4.49,ea(,2.99/lb),,
2507,"Stonyfield Organic YoToddler Whole Milk Yogurt with Fruit & Cereal, Strawberry Banana with DHA","Stonyfield Organic YoToddler Whole Milk Yogurt with Fruit & Cereal, Strawberry Banana with DHA",dai_organic,shop,"6pk, 4oz ea","		$4.49/ea($2.99/lb)",4.49,ea(,2.99/lb),,
2508,"B'more Organic Skyr Smoothie, Mango Banana","B'more Organic Skyr Smoothie, Mango Banana",dai_organic,shop,16oz,"		$3.99/ea($3.99/lb)",3.99,ea(,3.99/lb),,
2510,"Brown Cow Fruit on the Bottom Cream Top Yogurt, Blueberry","Brown Cow Fruit on the Bottom Cream Top Yogurt, Blueberry",dai_organic,shop,6oz,"		$1.19/ea($3.13/lb)",1.19,ea(,3.13/lb),,
2511,"Brown Cow Sauce on the Bottom Cream Top Yogurt, Chocolate","Brown Cow Sauce on the Bottom Cream Top Yogurt, Chocolate",dai_organic,shop,6oz,"		$1.19/ea($3.13/lb)",1.19,ea(,3.13/lb),,
2512,Ronnybrook Single Serving Peach Yogurt,Ronnybrook Single Serving Peach Yogurt,dai_organic,shop,6 oz,"		$1.59/ea($4.18/lb)",1.59,ea(,4.18/lb),,
2513,Ronnybrook Single Serving Strawberry Yogurt,Ronnybrook Single Serving Strawberry Yogurt,dai_organic,shop,6 oz,"		$1.59/ea($4.18/lb)",1.59,ea(,4.18/lb),,
2514,"Stonyfield Organic Greek Fat-Free Yogurt, Blueberry","Stonyfield Organic Greek Fat-Free Yogurt, Blueberry",dai_organic,shop,5.3oz,"		$1.99/ea($6.03/lb)",1.99,ea(,6.03/lb),,
2515,Fage TOTAL 2% Greek Yogurt with Blueberry,Fage TOTAL 2% Greek Yogurt with Blueberry,dai_organic,shop,5.3oz,"		$0.00/null($0.00/lb)",0,null(,0.00/lb),,
2516,Fage TOTAL Classic Greek Yogurt with Blueberry,Fage TOTAL Classic Greek Yogurt with Blueberry,dai_organic,shop,5.3oz,"		$0.00/null($0.00/lb)",0,null(,0.00/lb),,
2517,"B'more Organic Skyr Smoothie, Strawberry","B'more Organic Skyr Smoothie, Strawberry",dai_organic,shop,16oz,"		$0.00/null($0.00/pt)",0,null(,0.00/pt),,
2518,Isastegi Sagardo Naturala Cider,Isastegi Sagardo Naturala Cider,vin_type_cider,wine,750ml,"		$9.99/ea($13.32/l)",9.99,ea(,13.32/l),,
2520,"Tilted Shed ""Graviva!"" Semidry Cider Sonoma County ","Tilted Shed ""Graviva!"" Semidry Cider Sonoma County ",vin_type_cider,wine,750ml,"		$16.99/ea($22.65/l)",16.99,ea(,22.65/l),,
2521,Bordelet Poire Authentique Pear Cider,Bordelet Poire Authentique Pear Cider,vin_type_cider,wine,750ml,"		$17.99/ea($23.99/l)",17.99,ea(,23.99/l),,
2522,Bordelet Sidre Tendre Cider,Bordelet Sidre Tendre Cider,vin_type_cider,wine,750ml,"		$14.99/ea($19.99/l)",14.99,ea(,19.99/l),,
2523,FreshDirect Chicken Tikka Masala (Raised w/o Antibiotics),FreshDirect Chicken Tikka Masala (Raised w/o Antibiotics),hmr_fresh_tabla,4mm,13oz,"		$8.99/ea($11.10/lb)",8.99,ea(,11.10/lb),,
2525,FreshDirect Shrimp and Vegetable Biryani,FreshDirect Shrimp and Vegetable Biryani,hmr_fresh_tabla,4mm,10oz,"		$9.99/eaSave! 2 for $17.00($15.86/lb)",9.99,eaSave! 2 for ,17.00(15.86/lb),15.86/lb),
2528,FreshDirect Indian-Spiced Sustainable Salmon with Quinoa and Tomato Chutney,FreshDirect Indian-Spiced Sustainable Salmon with Quinoa and Tomato Chutney,hmr_fresh_tabla,4mm,12oz,"		$9.99/eaSave! 2 for $18.00($13.32/lb)",9.99,eaSave! 2 for ,18.00(13.32/lb),13.32/lb),
2529,FreshDirect Mini Banana Bread,FreshDirect Mini Banana Bread,bak_mini,bakery,7oz,"		$2.49/ea($5.66/lb)",2.49,ea(,5.66/lb),,
2531,FreshDirect Mini Brownies,FreshDirect Mini Brownies,bak_mini,bakery,"1.1lb, 24ct","		$6.99/ea($0.29/ct)",6.99,ea(,0.29/ct),,
2532,FreshDirect Mini Chocolate Chip Cookies,FreshDirect Mini Chocolate Chip Cookies,bak_mini,bakery,"12oz, 24ct","		$5.99/24pkAny 2 Treats for $11.00($0.25/ct)Mix'n'Match",5.99,24pkAny 2 Treats for ,11.00(0.25/ct)Mix'n'Match,0.25/ct)Mix'n'Match,
2533,FreshDirect Mini Banana Chocolate Chip Pound Cake,FreshDirect Mini Banana Chocolate Chip Pound Cake,bak_mini,bakery,0.54lb,"		$2.99/ea($2.99/lb)",2.99,ea(,2.99/lb),,
2534,FreshDirect Mini Blondies,FreshDirect Mini Blondies,bak_mini,bakery,"1.3lbs, 24ct","		$6.99/ea($0.29/ct)",6.99,ea(,0.29/ct),,
2536,FreshDirect Mini Sour Cream Pound Cake,FreshDirect Mini Sour Cream Pound Cake,bak_mini,bakery,9oz,"		$2.99/ea($5.34/lb)",2.99,ea(,5.34/lb),,
2538,FreshDirect Mini Zucchini Bread,FreshDirect Mini Zucchini Bread,bak_mini,bakery,9oz,"		$2.99/ea($5.34/lb)",2.99,ea(,5.34/lb),,
2539,FreshDirect Vanilla Bean Rice Pudding,FreshDirect Vanilla Bean Rice Pudding,bak_mini,bakery,2pk,"		$5.49/eaAny 3 Yummy Custards for $12.99($2.74/ct)Mix'n'Match",5.49,eaAny 3 Yummy Custards for ,12.99(2.74/ct)Mix'n'Match,2.74/ct)Mix'n'Match,
2540,FreshDirect Assorted Macaroons,FreshDirect Assorted Macaroons,bak_mini,bakery,30ct,"		$8.99/ea($0.30/ct)",8.99,ea(,0.30/ct),,
2541,FreshDirect Mini Coconut Macaroons,FreshDirect Mini Coconut Macaroons,bak_mini,bakery,NA,"		$5.99/13pk($0.46/ct)",5.99,13pk(,0.46/ct),,
2543,FreshDirect Mini Double Chocolate Cookies,FreshDirect Mini Double Chocolate Cookies,bak_mini,bakery,"12oz, 24ct","		$5.99/eaAny 2 Treats for $11.00($0.25/ct)Mix'n'Match",5.99,eaAny 2 Treats for ,11.00(0.25/ct)Mix'n'Match,0.25/ct)Mix'n'Match,
2546,FreshDirect Mini Oatmeal Cookies,FreshDirect Mini Oatmeal Cookies,bak_mini,bakery,"12oz, 24ct","		$5.99/eaAny 2 Treats for $11.00($0.25/ct)Mix'n'Match",5.99,eaAny 2 Treats for ,11.00(0.25/ct)Mix'n'Match,0.25/ct)Mix'n'Match,
2548,FreshDirect Raspberry Panna Cotta,FreshDirect Raspberry Panna Cotta,bak_mini,bakery,2pk,"		$5.49/eaAny 3 Yummy Custards for $12.99($2.74/ct)Mix'n'Match",5.49,eaAny 3 Yummy Custards for ,12.99(2.74/ct)Mix'n'Match,2.74/ct)Mix'n'Match,
2549,Bite-Sized Sweets Platter,Bite-Sized Sweets Platter,bak_mini,bakery,23pcs,"		$15.00/ea",15,ea,,,
2556,FreshDirect Classic Crème Brûlée,FreshDirect Classic Crème Brûlée,bak_mini,bakery,2pk,"		$0.00/nullAny 3 Yummy Custards for $12.99($0.00/ct)Mix'n'Match",0,nullAny 3 Yummy Custards for ,12.99(0.00/ct)Mix'n'Match,0.00/ct)Mix'n'Match,
2557,Arnold 100% Whole Wheat Bread,Arnold 100% Whole Wheat Bread,gro_baker,pantry,24oz,"		$4.39/ea($2.93/lb)",4.39,ea(,2.93/lb),,
2560,"Mission Flour Tortillas, Medium","Mission Flour Tortillas, Medium",gro_baker,pantry,"8"", 10ct (17.5oz )","		$2.99/ea($2.74/lb)",2.99,ea(,2.74/lb),,
2561,"Stacy's Pita Chips, Simply Naked","Stacy's Pita Chips, Simply Naked",gro_baker,pantry,8oz,"		$3.29/ea($6.58/lb)",3.29,ea(,6.58/lb),,
2562,Thomas' Plain Original Nooks & Crannies English Muffins,Thomas' Plain Original Nooks & Crannies English Muffins,gro_baker,pantry,6pc (12oz),"		$4.49/ea($5.99/lb)",4.49,ea(,5.99/lb),,
2563,Arnold Country White Bread,Arnold Country White Bread,gro_baker,pantry,24oz,"		$3.89/ea($2.59/lb)",3.89,ea(,2.59/lb),,
2564,Arnold Healthy Multi-Grain Bread,Arnold Healthy Multi-Grain Bread,gro_baker,pantry,24oz,"		$4.39/ea($2.93/lb)",4.39,ea(,2.93/lb),,
2565,Curried Chicken Salad (Raised without Antibiotics),Curried Chicken Salad (Raised without Antibiotics),gro_baker,pantry,15oz," 	$7.99/ea $8.99Any 2 Classic Deli Salads for $15.00($8.50/lb)Mix'n'Match",7.99,ea ,8.99Any 2 Classic Deli Salads for 15.00(8.50/lb)Mix'n'Match,15.00(,8.50/lb)Mix'n'Match
2566,Arnold Stoneground Whole Wheat Bread,Arnold Stoneground Whole Wheat Bread,gro_baker,pantry,16oz,"		$3.49/ea($3.49/lb)",3.49,ea(,3.49/lb),,
2567,Carr's Table Water Crackers,Carr's Table Water Crackers,gro_baker,pantry,4.25oz,"		$3.99/ea($14.78/lb)",3.99,ea(,14.78/lb),,
2568,Dutch Country Stroehmann 100% Whole Wheat Bread,Dutch Country Stroehmann 100% Whole Wheat Bread,gro_baker,pantry,22oz,"		$2.99/ea($2.17/lb)",2.99,ea(,2.17/lb),,
2569,"Just Bagels Everything, Frozen","Just Bagels Everything, Frozen",gro_baker,pantry,6pk,"		$2.59/ea($1.73/lb)",2.59,ea(,1.73/lb),,
2572,Levy's Real Jewish Rye Bread (Seedless),Levy's Real Jewish Rye Bread (Seedless),gro_baker,pantry,16oz,"		$3.69/ea($3.69/lb)",3.69,ea(,3.69/lb),,
2573,"Pepperidge Farm Goldfish Crackers Multi-Packs, Cheddar Cheese","Pepperidge Farm Goldfish Crackers Multi-Packs, Cheddar Cheese",gro_baker,pantry,12pk,"		$6.49/ea($8.22/lb)",6.49,ea(,8.22/lb),,
2574,"Stacy's Pita Chips, Multigrain","Stacy's Pita Chips, Multigrain",gro_baker,pantry,8oz,"		$3.29/ea($6.58/lb)",3.29,ea(,6.58/lb),,
2575,Thomas' Light Multigrain English Muffins,Thomas' Light Multigrain English Muffins,gro_baker,pantry,6pc (12oz),"		$4.59/ea($6.12/lb)",4.59,ea(,6.12/lb),,
2577,Thomas' Mini Bagels,Thomas' Mini Bagels,gro_baker,pantry,15oz,"		$4.79/ea($5.10/lb)",4.79,ea(,5.10/lb),,
2578,Vermont Bread Company Soft Whole Wheat Bread,Vermont Bread Company Soft Whole Wheat Bread,gro_baker,pantry,24oz,"		$4.89/ea($3.26/lb)",4.89,ea(,3.26/lb),,
2579,Annie's Homegrown Cheddar Bunnies Snack Packs,Annie's Homegrown Cheddar Bunnies Snack Packs,gro_baker,pantry,6pk (1oz each),"		$4.49/ea($11.82/lb)",4.49,ea(,11.82/lb),,
2580,Arnold 12 Grain Bread,Arnold 12 Grain Bread,gro_baker,pantry,24oz,"		$4.39/ea($2.93/lb)",4.39,ea(,2.93/lb),,
2581,Arnold Bakery Light Whole Wheat,Arnold Bakery Light Whole Wheat,gro_baker,pantry,16oz,"		$4.39/ea($4.39/lb)",4.39,ea(,4.39/lb),,
2582,Arnold Brick Oven White Bread,Arnold Brick Oven White Bread,gro_baker,pantry,20oz,"		$4.19/ea($3.35/lb)",4.19,ea(,3.35/lb),,
2583,"Arnold Select Sandwich Thins, 100% Whole Wheat","Arnold Select Sandwich Thins, 100% Whole Wheat",gro_baker,pantry,12oz,"		$4.19/ea($5.59/lb)",4.19,ea(,5.59/lb),,
2584,"Arnold Select Sandwich Thins, Multi-Grain","Arnold Select Sandwich Thins, Multi-Grain",gro_baker,pantry,12oz,"		$4.39/ea($5.85/lb)",4.39,ea(,5.85/lb),,
2585,Arnold Select White Hamburger Buns,Arnold Select White Hamburger Buns,gro_baker,pantry,16oz,"		$3.59/ea($3.59/lb)",3.59,ea(,3.59/lb),,
2586,Arnold Select White Hot Dog Buns,Arnold Select White Hot Dog Buns,gro_baker,pantry,14oz,"		$3.59/ea($4.08/lb)",3.59,ea(,4.08/lb),,
2587,Arnold Whole Grains Oatnut Bread,Arnold Whole Grains Oatnut Bread,gro_baker,pantry,24oz,"		$4.39/ea($2.93/lb)",4.39,ea(,2.93/lb),,
2588,D'Italiano Unseeded Italian Bread,D'Italiano Unseeded Italian Bread,gro_baker,pantry,20oz,"		$3.79/ea($3.03/lb)",3.79,ea(,3.03/lb),,
2589,Dutch Country Stroehmann Hamburger Potato Rolls,Dutch Country Stroehmann Hamburger Potato Rolls,gro_baker,pantry,15oz,"		$3.39/ea($3.61/lb)",3.39,ea(,3.61/lb),,
2590,Dutch Country Stroehmann Hot Dog Potato Rolls,Dutch Country Stroehmann Hot Dog Potato Rolls,gro_baker,pantry,15oz,"		$3.39/ea($3.61/lb)",3.39,ea(,3.61/lb),,
2591,Dutch Country Stroehmann Potato Bread,Dutch Country Stroehmann Potato Bread,gro_baker,pantry,22oz,"		$2.99/ea($2.17/lb)",2.99,ea(,2.17/lb),,
2592,FreshDirect Fresh Challah Rolls,FreshDirect Fresh Challah Rolls,gro_baker,pantry,6pk,"		$5.99/6pk($1.00/ct)",5.99,6pk(,1.00/ct),,
2593,FreshDirect Frozen Sliced Sourdough Pullman Loaf,FreshDirect Frozen Sliced Sourdough Pullman Loaf,gro_baker,pantry,24oz,"		$4.69/ea($3.13/lb)",4.69,ea(,3.13/lb),,
2595,"Just Bagels Cinnamon Raisin, Frozen","Just Bagels Cinnamon Raisin, Frozen",gro_baker,pantry,6pk,"		$2.59/ea($1.73/lb)",2.59,ea(,1.73/lb),,
2596,"Just Bagels Whole Wheat Bagels, Frozen","Just Bagels Whole Wheat Bagels, Frozen",gro_baker,pantry,6pk,"		$2.59/ea($1.73/lb)",2.59,ea(,1.73/lb),,
2597,La Tortilla Factory Hand Made Style Corn Tortillas,La Tortilla Factory Hand Made Style Corn Tortillas,gro_baker,pantry,"6"", 8ct (11.57oz)","		$2.79/ea($3.88/lb)",2.79,ea(,3.88/lb),,
2598,"Mission Flour Tortillas, Small","Mission Flour Tortillas, Small",gro_baker,pantry,"6"", 8ct (9.2oz)","		$2.19/ea($3.78/lb)",2.19,ea(,3.78/lb),,
2599,Mission White Corn Tortillas,Mission White Corn Tortillas,gro_baker,pantry,"6"", 10ct 7.5oz","		$1.49/ea($3.17/lb)",1.49,ea(,3.17/lb),,
2600,Nabisco Ritz Snack Crackers,Nabisco Ritz Snack Crackers,gro_baker,pantry,13.7oz,"		$4.49/ea($5.22/lb)",4.49,ea(,5.22/lb),,
2601,Nabisco Triscuit Snack Crackers,Nabisco Triscuit Snack Crackers,gro_baker,pantry,9oz,"		$3.99/ea($7.12/lb)",3.99,ea(,7.12/lb),,
2602,Nabisco Wheat Thins Reduced Fat Snack Crackers,Nabisco Wheat Thins Reduced Fat Snack Crackers,gro_baker,pantry,8.5oz,"		$3.99/ea($7.53/lb)",3.99,ea(,7.53/lb),,
2603,Old El Paso Taco Dinner Kit,Old El Paso Taco Dinner Kit,gro_baker,pantry,8.8oz,"		$3.29/ea($5.98/lb)",3.29,ea(,5.98/lb),,
2604,"Pepperidge Farm Goldfish Crackers, Cheddar Cheese","Pepperidge Farm Goldfish Crackers, Cheddar Cheese",gro_baker,pantry,6.6oz bag,"		$2.49/ea($6.07/lb)",2.49,ea(,6.07/lb),,
2605,"Stacy's Pita Chips, Simply Naked","Stacy's Pita Chips, Simply Naked",gro_baker,pantry,6oz,"		$3.99/ea($10.50/lb)",3.99,ea(,10.50/lb),,
2606,Stern's Premium Egg Challah,Stern's Premium Egg Challah,gro_baker,pantry,16oz,"		$4.29/ea($4.29/lb)",4.29,ea(,4.29/lb),,
2607,Thomas' 100% Whole Wheat English Muffins,Thomas' 100% Whole Wheat English Muffins,gro_baker,pantry,6pc (12oz),"		$4.59/ea($6.12/lb)",4.59,ea(,6.12/lb),,
2608,"Thomas' Original English Muffin, Made with Whole Grain","Thomas' Original English Muffin, Made with Whole Grain",gro_baker,pantry,"6ct, 12oz","		$4.49/ea($5.99/lb)",4.49,ea(,5.99/lb),,
2609,"Udi's Gluten Free Whole Grain Bread Loaf, Frozen","Udi's Gluten Free Whole Grain Bread Loaf, Frozen",gro_baker,pantry,12oz,"		$5.79/ea($7.72/lb)",5.79,ea(,7.72/lb),,
2610,Vermont Bread Company Organic Multigrain Bread,Vermont Bread Company Organic Multigrain Bread,gro_baker,pantry,20oz,"		$4.69/ea($3.75/lb)",4.69,ea(,3.75/lb),,
2611,Annie's Homegrown Cheddar Bunnies,Annie's Homegrown Cheddar Bunnies,gro_baker,pantry,7.5oz,"		$3.99/ea($8.49/lb)",3.99,ea(,8.49/lb),,
2612,Arnold Wheat Hot Dog Buns,Arnold Wheat Hot Dog Buns,gro_baker,pantry,14oz,"		$3.59/ea($4.08/lb)",3.59,ea(,4.08/lb),,
2613,Arnold Wheat Sandwich Rolls,Arnold Wheat Sandwich Rolls,gro_baker,pantry,16oz,"		$3.59/ea($3.59/lb)",3.59,ea(,3.59/lb),,
2614,Arnold Whole Grain Double-Fiber Whole Wheat Bread,Arnold Whole Grain Double-Fiber Whole Wheat Bread,gro_baker,pantry,24oz,"		$4.39/ea($2.93/lb)",4.39,ea(,2.93/lb),,
2615,Bell Bialys Frozen,Bell Bialys Frozen,gro_baker,pantry,6pk,"		$2.39/ea($2.85/lb)",2.39,ea(,2.85/lb),,
2616,Best Pita Whole Wheat Pocket Pita Bread,Best Pita Whole Wheat Pocket Pita Bread,gro_baker,pantry,6ct (8oz),"		$1.99/ea($3.98/lb)",1.99,ea(,3.98/lb),,
2617,Bread Alone Organic Nine Mixed Grains,Bread Alone Organic Nine Mixed Grains,gro_baker,pantry,22oz,"		$4.99/ea($3.62/lb)",4.99,ea(,3.62/lb),,
2618,Bread Alone Organic Peasant Bread,Bread Alone Organic Peasant Bread,gro_baker,pantry,18oz,"		$4.99/ea($4.42/lb)",4.99,ea(,4.42/lb),,
2619,Bread Alone Organic Whole Grain Health Loaf,Bread Alone Organic Whole Grain Health Loaf,gro_baker,pantry,24oz,"		$4.99/ea($3.33/lb)",4.99,ea(,3.33/lb),,
2620,Bread Alone Organic Whole Wheat Sourdough (Yeast Free),Bread Alone Organic Whole Wheat Sourdough (Yeast Free),gro_baker,pantry,22oz,"		$4.99/ea($3.62/lb)",4.99,ea(,3.62/lb),,
2625,JFC Panko (Japanese-Style Bread Crumbs),JFC Panko (Japanese-Style Bread Crumbs),gro_baker,pantry,12oz.,"		$3.29/ea($4.39/lb)",3.29,ea(,4.39/lb),,
2626,"Just Bagels Multi-Grain Energy Bagels, Frozen","Just Bagels Multi-Grain Energy Bagels, Frozen",gro_baker,pantry,6ct,"		$3.19/ea($2.13/lb)",3.19,ea(,2.13/lb),,
2628,Just FreshDirect Organic 100% Whole Wheat Bread,Just FreshDirect Organic 100% Whole Wheat Bread,gro_baker,pantry,20.3oz,"		$4.69/ea($3.69/lb)",4.69,ea(,3.69/lb),,
2629,KA-ME Rice Crunch Crackers - Plain,KA-ME Rice Crunch Crackers - Plain,gro_baker,pantry,3.5oz,"		$2.99/ea($13.59/lb)",2.99,ea(,13.59/lb),,
2632,"Mary's Gone Crackers Organic Wheat-Free Gluten Free Crackers, Original","Mary's Gone Crackers Organic Wheat-Free Gluten Free Crackers, Original",gro_baker,pantry,6.5oz,"		$4.99/ea($12.17/lb)",4.99,ea(,12.17/lb),,
2633,Nabisco Honey Maid Graham Crackers,Nabisco Honey Maid Graham Crackers,gro_baker,pantry,14.4oz,"		$4.59/ea($5.10/lb)",4.59,ea(,5.10/lb),,
2634,Nabisco Premium Saltine Crackers,Nabisco Premium Saltine Crackers,gro_baker,pantry,16oz,"		$3.59/ea($3.59/lb)",3.59,ea(,3.59/lb),,
2635,Nabisco Triscuit Reduced Fat Crackers,Nabisco Triscuit Reduced Fat Crackers,gro_baker,pantry,8oz,"		$3.99/ea($7.98/lb)",3.99,ea(,7.98/lb),,
2636,Nabisco Wheat Thins Snack Crackers,Nabisco Wheat Thins Snack Crackers,gro_baker,pantry,9.1oz,"		$3.99/ea($7.00/lb)",3.99,ea(,7.00/lb),,
2637,"Pepperidge Farm Goldfish Crackers, Cheddar Cheese","Pepperidge Farm Goldfish Crackers, Cheddar Cheese",gro_baker,pantry,11oz box,"		$3.99/ea($5.78/lb)",3.99,ea(,5.78/lb),,
2638,Progresso Italian Style Breadcrumbs,Progresso Italian Style Breadcrumbs,gro_baker,pantry,24oz,"		$3.19/ea($2.13/lb)",3.19,ea(,2.13/lb),,
2639,Red Oval Farms Stoned Wheat Thins,Red Oval Farms Stoned Wheat Thins,gro_baker,pantry,10.6oz,"		$4.29/ea($6.50/lb)",4.29,ea(,6.50/lb),,
2640,"Stacy's Pita Chips, Parmesan Garlic & Herb","Stacy's Pita Chips, Parmesan Garlic & Herb",gro_baker,pantry,8oz,"		$3.29/ea($6.58/lb)",3.29,ea(,6.58/lb),,
2641,"Thomas' Bagel Thins, 100% Whole Wheat","Thomas' Bagel Thins, 100% Whole Wheat",gro_baker,pantry,"8pk, 13oz","		$4.09/ea($5.05/lb)",4.09,ea(,5.05/lb),,
2643,Thomas' Cinnamon Raisin English Muffins,Thomas' Cinnamon Raisin English Muffins,gro_baker,pantry,6pc (12oz),"		$4.49/ea($5.99/lb)",4.49,ea(,5.99/lb),,
2644,"Thomas' Plain Bagels, Made with Whole Grain","Thomas' Plain Bagels, Made with Whole Grain",gro_baker,pantry,20oz,"		$4.69/ea($3.75/lb)",4.69,ea(,3.75/lb),,
2645,"Ultimate Grains All-Natural Whole Grain, 100% Whole Wheat Bread","Ultimate Grains All-Natural Whole Grain, 100% Whole Wheat Bread",gro_baker,pantry,24oz,"		$3.19/ea($2.13/lb)",3.19,ea(,2.13/lb),,
2646,Vermont Bread Company Soft White All-Natural Bread,Vermont Bread Company Soft White All-Natural Bread,gro_baker,pantry,24oz,"		$4.89/ea($3.26/lb)",4.89,ea(,3.26/lb),,
2647,Aladdin Bakers Whole Wheat Wraps,Aladdin Bakers Whole Wheat Wraps,gro_baker,pantry,"10"", 5ct (10oz)","		$2.39/ea($3.79/lb)",2.39,ea(,3.79/lb),,
2648,Aladdin Low-Carb Wheat Wrap,Aladdin Low-Carb Wheat Wrap,gro_baker,pantry,"10"", 4ct (8oz)","		$2.49/ea($4.98/lb)",2.49,ea(,4.98/lb),,
2649,Aladdin Plain Flatbread,Aladdin Plain Flatbread,gro_baker,pantry,"7"", 5ct (14oz)","		$2.29/ea($2.60/lb)",2.29,ea(,2.60/lb),,
2650,Alvarado St. Bakery Sprouted Multi-Grain Bread Made with 100% Whole Grains,Alvarado St. Bakery Sprouted Multi-Grain Bread Made with 100% Whole Grains,gro_baker,pantry,24oz,"		$4.49/ea($2.99/lb)",4.49,ea(,2.99/lb),,
2651,Annie's Homegrown Whole Wheat Bunnies,Annie's Homegrown Whole Wheat Bunnies,gro_baker,pantry,7.5oz,"		$3.99/ea($8.49/lb)",3.99,ea(,8.49/lb),,
2652,Arnold Soft Multi-Grain Kaiser Rolls,Arnold Soft Multi-Grain Kaiser Rolls,gro_baker,pantry,8ct,"		$3.59/ea($0.45/ct)",3.59,ea(,0.45/ct),,
2653,Arnold Whole Grain Health Nut Bread,Arnold Whole Grain Health Nut Bread,gro_baker,pantry,24oz,"		$4.39/ea($2.93/lb)",4.39,ea(,2.93/lb),,
2654,Best Pita White Pocket Pita Bread,Best Pita White Pocket Pita Bread,gro_baker,pantry,6ct (8oz),"		$1.99/ea($3.98/lb)",1.99,ea(,3.98/lb),,
2655,Carr's Cracked Pepper Table Water Crackers,Carr's Cracked Pepper Table Water Crackers,gro_baker,pantry,4.25oz,"		$3.99/ea($14.78/lb)",3.99,ea(,14.78/lb),,
2656,Carr's Entertainment Cracker Collection,Carr's Entertainment Cracker Collection,gro_baker,pantry,7.05oz,"		$4.49/ea($10.20/lb)",4.49,ea(,10.20/lb),,
2657,Carr's Rosemary Crackers,Carr's Rosemary Crackers,gro_baker,pantry,5oz.,"		$3.99/ea($12.87/lb)",3.99,ea(,12.87/lb),,
2658,Carr's Whole Wheat Crackers,Carr's Whole Wheat Crackers,gro_baker,pantry,7oz,"		$3.99/ea($9.07/lb)",3.99,ea(,9.07/lb),,
2659,Cheez-It Crackers,Cheez-It Crackers,gro_baker,pantry,"12pk, 12oz ea","		$5.99/ea($0.67/lb)",5.99,ea(,0.67/lb),,
2660,Cheez-It Reduced Fat Crackers,Cheez-It Reduced Fat Crackers,gro_baker,pantry,11.5oz,"		$4.59/ea($6.38/lb)",4.59,ea(,6.38/lb),,
2661,Damascus Bakeries Flax Roll-Ups,Damascus Bakeries Flax Roll-Ups,gro_baker,pantry,8oz,"		$2.99/ea($5.98/lb)",2.99,ea(,5.98/lb),,
2662,Damascus Bakeries Whole Wheat Mini Pitas,Damascus Bakeries Whole Wheat Mini Pitas,gro_baker,pantry,8oz,"		$2.29/ea($4.58/lb)",2.29,ea(,4.58/lb),,
2663,Damascus Bakeries Whole Wheat Pitas,Damascus Bakeries Whole Wheat Pitas,gro_baker,pantry,11oz,"		$1.39/ea($2.01/lb)",1.39,ea(,2.01/lb),,
2664,"Food For Life Organic Ezekiel 4:9 Sprouted Grain Tortillas, Frozen","Food For Life Organic Ezekiel 4:9 Sprouted Grain Tortillas, Frozen",gro_baker,pantry,12oz,"		$3.79/ea($5.05/lb)",3.79,ea(,5.05/lb),,
2665,FreshDirect Bakery-Fresh Graham Crackers,FreshDirect Bakery-Fresh Graham Crackers,gro_baker,pantry,12pk,"		$4.99/12pk($0.42/ct)",4.99,12pk(,0.42/ct),,
2667,"Harvest Pride English Muffin, Light","Harvest Pride English Muffin, Light",gro_baker,pantry,6pc (12oz),"		$1.99/ea($2.65/lb)",1.99,ea(,2.65/lb),,
2668,"Harvest Pride Fork Split English Muffin, Original","Harvest Pride Fork Split English Muffin, Original",gro_baker,pantry,6pc (12oz),"		$1.69/ea($2.25/lb)",1.69,ea(,2.25/lb),,
2669,"Harvest Pride Fork Split English Muffin, Whole Grains","Harvest Pride Fork Split English Muffin, Whole Grains",gro_baker,pantry,6pc (12oz),"		$1.99/ea($2.65/lb)",1.99,ea(,2.65/lb),,
2670,John WM Macy's Original Cheddar Cheesesticks,John WM Macy's Original Cheddar Cheesesticks,gro_baker,pantry,4oz,"		$3.89/ea($15.56/lb)",3.89,ea(,15.56/lb),,
2671,Just FreshDirect Organic Country White Bread,Just FreshDirect Organic Country White Bread,gro_baker,pantry,20.3oz,"		$4.69/ea($3.69/lb)",4.69,ea(,3.69/lb),,
2672,Just FreshDirect Organic Multigrain Bread,Just FreshDirect Organic Multigrain Bread,gro_baker,pantry,20.3oz,"		$4.69/ea($3.69/lb)",4.69,ea(,3.69/lb),,
2673,KA-ME Rice Crunch Crackers - Sesame,KA-ME Rice Crunch Crackers - Sesame,gro_baker,pantry,3.5oz,"		$2.99/ea($13.59/lb)",2.99,ea(,13.59/lb),,
2674,Keebler Club Crackers,Keebler Club Crackers,gro_baker,pantry,16oz,"		$3.99/ea($3.99/lb)",3.99,ea(,3.99/lb),,
2675,"La Tortilla Factory Smart & Delicious Soft Wraps, Multi-Grain Made with Extra-Virgin Olive Oil","La Tortilla Factory Smart & Delicious Soft Wraps, Multi-Grain Made with Extra-Virgin Olive Oil",gro_baker,pantry,"10"", 6ct (13.1oz)","		$4.59/ea($5.60/lb)",4.59,ea(,5.60/lb),,
2676,Mission 96% Fat-Free Whole Wheat Flour Tortillas,Mission 96% Fat-Free Whole Wheat Flour Tortillas,gro_baker,pantry,"8"", 8ct (14oz)","		$3.29/ea($3.74/lb)",3.29,ea(,3.74/lb),,
2677,Mission Carb Balance Flour Tortillas,Mission Carb Balance Flour Tortillas,gro_baker,pantry,"8ct, 12oz","		$4.59/ea($6.12/lb)",4.59,ea(,6.12/lb),,
2678,Mission Multi-Grain Flour Tortillas,Mission Multi-Grain Flour Tortillas,gro_baker,pantry,"8"", 8ct (14oz)","		$3.29/ea($3.74/lb)",3.29,ea(,3.74/lb),,
2679,Nabisco Honey Maid Graham Crackers Original,Nabisco Honey Maid Graham Crackers Original,gro_baker,pantry,14.4oz,"		$4.59/ea($5.10/lb)",4.59,ea(,5.10/lb),,
2680,"New York The Original Texas Toast Croutons, Seasoned","New York The Original Texas Toast Croutons, Seasoned",gro_baker,pantry,5oz,"		$1.99/ea($6.42/pt)",1.99,ea(,6.42/pt),,
2681,"Pepperidge Farm Colors Goldfish Crackers, Cheddar Cheese","Pepperidge Farm Colors Goldfish Crackers, Cheddar Cheese",gro_baker,pantry,6.6oz,"		$2.49/ea($6.07/lb)",2.49,ea(,6.07/lb),,
2682,"Pepperidge Farm Flavor Blasted Goldfish Crackers, Extra Cheddar","Pepperidge Farm Flavor Blasted Goldfish Crackers, Extra Cheddar",gro_baker,pantry,6.6oz bag,"		$2.49/ea($6.07/lb)",2.49,ea(,6.07/lb),,
2683,Perfect Balance Organic 14 Whole Grain Bread,Perfect Balance Organic 14 Whole Grain Bread,gro_baker,pantry,20oz,"		$3.79/ea($3.03/lb)",3.79,ea(,3.03/lb),,
2684,Progresso Plain Breadcrumbs,Progresso Plain Breadcrumbs,gro_baker,pantry,15oz,"		$2.39/ea($2.54/lb)",2.39,ea(,2.54/lb),,
2686,Stern's Premium Twist Egg Challah Rolls,Stern's Premium Twist Egg Challah Rolls,gro_baker,pantry,6pc (13oz),"		$4.29/ea($5.30/lb)",4.29,ea(,5.30/lb),,
2687,"Thomas' Bagel Thins, Everything","Thomas' Bagel Thins, Everything",gro_baker,pantry,"8pk, 13oz","		$4.09/ea($5.05/lb)",4.09,ea(,5.05/lb),,
2688,"Thomas' Bagel Thins, Plain","Thomas' Bagel Thins, Plain",gro_baker,pantry,"8pk, 13oz","		$4.09/ea($5.05/lb)",4.09,ea(,5.05/lb),,
2689,Thomas' Super Size English Muffins,Thomas' Super Size English Muffins,gro_baker,pantry,4pc (13oz),"		$4.19/ea($5.17/lb)",4.19,ea(,5.17/lb),,
2690,Thomas' Whole Wheat Bagels,Thomas' Whole Wheat Bagels,gro_baker,pantry,22oz,"		$4.79/ea($3.47/lb)",4.79,ea(,3.47/lb),,
2691,"Udi's Gluten Free White Sandwich Bread, Frozen","Udi's Gluten Free White Sandwich Bread, Frozen",gro_baker,pantry,12oz,"		$5.79/ea($7.72/lb)",5.79,ea(,7.72/lb),,
2692,Vermont Bread Company 10 Grams of Whole Grains Organic Wheat Bread,Vermont Bread Company 10 Grams of Whole Grains Organic Wheat Bread,gro_baker,pantry,20oz,"		$4.69/ea($3.75/lb)",4.69,ea(,3.75/lb),,
2693,Wasa Crisp 'n Light 7 Grain Crackerbread,Wasa Crisp 'n Light 7 Grain Crackerbread,gro_baker,pantry,4.9oz,"		$2.69/ea($8.68/lb)",2.69,ea(,8.68/lb),,
2694,"34 Degrees Crispbread, Natural","34 Degrees Crispbread, Natural",gro_baker,pantry,4.5oz,"		$4.69/ea($16.75/lb)",4.69,ea(,16.75/lb),,
2695,"34 Degrees Crispbread, Rosemary","34 Degrees Crispbread, Rosemary",gro_baker,pantry,4.5oz,"		$4.69/ea($16.75/lb)",4.69,ea(,16.75/lb),,
2696,Ak-Mak 100% Whole Wheat Stone Ground Sesame Cracker,Ak-Mak 100% Whole Wheat Stone Ground Sesame Cracker,gro_baker,pantry,4.15oz,"		$2.69/ea($10.35/lb)",2.69,ea(,10.35/lb),,
2697,Aladdin Low-Carb Plain Wrap,Aladdin Low-Carb Plain Wrap,gro_baker,pantry,"10"", 4ct (8oz)","		$2.49/ea($4.98/lb)",2.49,ea(,4.98/lb),,
2698,Aladdin Whole-Grain Flatbread,Aladdin Whole-Grain Flatbread,gro_baker,pantry,"7"", 5ct (14oz)","		$2.29/ea($2.60/lb)",2.29,ea(,2.60/lb),,
2699,Aladdin Whole-Wheat Flatbread,Aladdin Whole-Wheat Flatbread,gro_baker,pantry,"7"", 5ct (14oz)","		$2.29/ea($2.60/lb)",2.29,ea(,2.60/lb),,
2700,Carr's Garlic & Herb Table Water Crackers,Carr's Garlic & Herb Table Water Crackers,gro_baker,pantry,4.25oz,"		$3.99/ea($14.78/lb)",3.99,ea(,14.78/lb),,
2701,Carr's Toasted Sesame Seed Table Water Crackers,Carr's Toasted Sesame Seed Table Water Crackers,gro_baker,pantry,4.25oz,"		$3.99/ea($14.78/lb)",3.99,ea(,14.78/lb),,
2702,Cheez-It Reduced Fat Crackers,Cheez-It Reduced Fat Crackers,gro_baker,pantry,"12pk, 12oz ea","		$5.99/ea($0.67/lb)",5.99,ea(,0.67/lb),,
2703,Cheez-It Right Bites,Cheez-It Right Bites,gro_baker,pantry,"6pk, 4.65oz","		$3.39/ea($11.69/lb)",3.39,ea(,11.69/lb),,
2704,Cheez-It White Cheddar Crackers,Cheez-It White Cheddar Crackers,gro_baker,pantry,12.4oz,"		$4.59/ea($5.88/lb)",4.59,ea(,5.88/lb),,
2705,Damascus Bakeries Plain Mini Pitas,Damascus Bakeries Plain Mini Pitas,gro_baker,pantry,8oz,"		$2.29/ea($4.58/lb)",2.29,ea(,4.58/lb),,
2706,Damascus Bakeries Plain Pitas,Damascus Bakeries Plain Pitas,gro_baker,pantry,11oz,"		$1.39/ea($2.01/lb)",1.39,ea(,2.01/lb),,
2707,Damascus Bakeries Whole Wheat Pitas (in Resealable Bag),Damascus Bakeries Whole Wheat Pitas (in Resealable Bag),gro_baker,pantry,8oz,"		$2.29/ea($4.58/lb)",2.29,ea(,4.58/lb),,
2708,Damascus Bakeries Whole Wheat Roll-Ups,Damascus Bakeries Whole Wheat Roll-Ups,gro_baker,pantry,8oz,"		$2.99/ea($5.98/lb)",2.99,ea(,5.98/lb),,
2709,"Doctor Kracker Organic & Artisan-Baked Snackers, Klassic 3 Seed","Doctor Kracker Organic & Artisan-Baked Snackers, Klassic 3 Seed",gro_baker,pantry,6oz,"		$3.99/ea($10.50/lb)",3.99,ea(,10.50/lb),,
2710,Earth's Best Organic Crunchin' Crackers - Original,Earth's Best Organic Crunchin' Crackers - Original,gro_baker,pantry,5.3oz,"		$3.19/ea($9.67/lb)",3.19,ea(,9.67/lb),,
2711,"Food For Life Gluten-Free, Yeast-Free Brown Rice Bread, Frozen","Food For Life Gluten-Free, Yeast-Free Brown Rice Bread, Frozen",gro_baker,pantry,800g,"		$7.99/ea($4.57/lb)",7.99,ea(,4.57/lb),,
2712,"Food For Life Organic Ezekiel 4:9 Low Sodium Sprouted Grain Bread, Frozen","Food For Life Organic Ezekiel 4:9 Low Sodium Sprouted Grain Bread, Frozen",gro_baker,pantry,24oz,"		$5.59/ea($3.73/lb)",5.59,ea(,3.73/lb),,
2713,"Food For Life Organic Sprouted 7-Grain Bread, Frozen","Food For Life Organic Sprouted 7-Grain Bread, Frozen",gro_baker,pantry,24oz,"		$5.59/ea($3.73/lb)",5.59,ea(,3.73/lb),,
2714,"Free Bread Gluten Free Sorghum, Sweet Rice & Hemp Seed Milk (GRINGO) Bread","Free Bread Gluten Free Sorghum, Sweet Rice & Hemp Seed Milk (GRINGO) Bread",gro_baker,pantry,6-Slice Bachelor Loaf,"		$4.25/ea($0.71/ct)",4.25,ea(,0.71/ct),,
2715,"Free Bread Gluten-Free Millet, Oat & Flax (MOXY) Bread","Free Bread Gluten-Free Millet, Oat & Flax (MOXY) Bread",gro_baker,pantry,6-Slice Bachelor Loaf,"		$4.25/ea($0.71/ct)",4.25,ea(,0.71/ct),,
2718,"FreshDirect Small Round Challah, Frozen","FreshDirect Small Round Challah, Frozen",gro_baker,pantry,10oz,"		$3.99/ea($6.33/lb)",3.99,ea(,6.33/lb),,
2719,Glutino  Gluten Free Cheddar Crackers,Glutino  Gluten Free Cheddar Crackers,gro_baker,pantry,4.4oz,"		$4.69/ea($16.75/lb)",4.69,ea(,16.75/lb),,
2720,Glutino  Gluten Free Multigrain Crackers,Glutino  Gluten Free Multigrain Crackers,gro_baker,pantry,4.4oz,"		$4.69/ea($16.75/lb)",4.69,ea(,16.75/lb),,
2721,Glutino  Gluten Free Original Crackers,Glutino  Gluten Free Original Crackers,gro_baker,pantry,4.4oz,"		$4.69/ea($16.75/lb)",4.69,ea(,16.75/lb),,
2722,Granforno Grissini Plain Bread Sticks,Granforno Grissini Plain Bread Sticks,gro_baker,pantry,4.4oz,"		$2.49/ea($8.89/lb)",2.49,ea(,8.89/lb),,
2723,Granforno Grissini Sesame Bread Sticks,Granforno Grissini Sesame Bread Sticks,gro_baker,pantry,4.4oz,"		$2.49/ea($8.89/lb)",2.49,ea(,8.89/lb),,
2724,Grillé  Toast No Sodium,Grillé  Toast No Sodium,gro_baker,pantry,8.8oz,"		$3.99/ea($7.25/lb)",3.99,ea(,7.25/lb),,
2725,"Harvest Pride Fork Split English Muffin, Multigrain","Harvest Pride Fork Split English Muffin, Multigrain",gro_baker,pantry,6pc (12oz),"		$1.99/ea($2.65/lb)",1.99,ea(,2.65/lb),,
2728,John WM Macy's Melting Parmesan Cheesesticks,John WM Macy's Melting Parmesan Cheesesticks,gro_baker,pantry,4oz,"		$3.89/ea($15.56/lb)",3.89,ea(,15.56/lb),,
2729,KA-ME Rice Crunch Crackers - Cheese,KA-ME Rice Crunch Crackers - Cheese,gro_baker,pantry,3.5oz,"		$2.99/ea($13.59/lb)",2.99,ea(,13.59/lb),,
2730,KA-ME Rice Crunch Crackers - Wasabi,KA-ME Rice Crunch Crackers - Wasabi,gro_baker,pantry,3.4oz,"		$2.99/ea",2.99,ea,,,
2731,Keebler Reduced Fat Club Crackers,Keebler Reduced Fat Club Crackers,gro_baker,pantry,14oz,"		$3.99/ea($4.53/lb)",3.99,ea(,4.53/lb),,
2732,Keebler Toasteds Wheat,Keebler Toasteds Wheat,gro_baker,pantry,8oz.,"		$3.69/ea($7.38/lb)",3.69,ea(,7.38/lb),,
2733,La Tortilla Factory Gluten Free Wraps,La Tortilla Factory Gluten Free Wraps,gro_baker,pantry,6ct,"		$5.39/ea($0.90/ct)",5.39,ea(,0.90/ct),,
2734,"La Tortilla Factory Mini Wraps, White Whole Wheat","La Tortilla Factory Mini Wraps, White Whole Wheat",gro_baker,pantry,"8pk, 8.2oz ea","		$2.99/ea($5.86/lb)",2.99,ea(,5.86/lb),,
2735,"La Tortilla Factory Smart & Delicious 100 Calorie Tortillas, Whole Wheat","La Tortilla Factory Smart & Delicious 100 Calorie Tortillas, Whole Wheat",gro_baker,pantry,8ct,"		$4.59/ea($0.57/ct)",4.59,ea(,0.57/ct),,
2736,"La Tortilla Factory Smart & Delicious Light Tortilla, Flour","La Tortilla Factory Smart & Delicious Light Tortilla, Flour",gro_baker,pantry,8ct,"		$3.99/ea($0.50/ct)",3.99,ea(,0.50/ct),,
2737,"La Tortilla Factory Smart & Delicious Tortillas, Large Whole Wheat","La Tortilla Factory Smart & Delicious Tortillas, Large Whole Wheat",gro_baker,pantry,"8.5"", 8ct (17.5oz)","		$5.19/ea($4.76/lb)",5.19,ea(,4.76/lb),,
2738,"La Tortilla Factory Smart & Delicious Tortillas, Whole Wheat","La Tortilla Factory Smart & Delicious Tortillas, Whole Wheat",gro_baker,pantry,"6.75"", 10ct (13oz)","		$4.59/ea($5.67/lb)",4.59,ea(,5.67/lb),,
2742,"Martin's Hoagie Rolls, Unseeded","Martin's Hoagie Rolls, Unseeded",gro_baker,pantry,6ct (20oz),"		$3.99/ea($3.19/lb)",3.99,ea(,3.19/lb),,
2743,Martin's Potato Party Rolls,Martin's Potato Party Rolls,gro_baker,pantry,"24ct, 15oz","		$3.99/ea($4.24/lb)",3.99,ea(,4.24/lb),,
2744,Martin's Whole Wheat Sliced Potato Rolls,Martin's Whole Wheat Sliced Potato Rolls,gro_baker,pantry,12ct (18oz),"		$3.89/ea($3.44/lb)",3.89,ea(,3.44/lb),,
2745,"Mary's Gone Crackers Organic Wheat-Free Gluten Free Crackers, Caraway","Mary's Gone Crackers Organic Wheat-Free Gluten Free Crackers, Caraway",gro_baker,pantry,6.5oz,"		$4.99/ea($12.17/lb)",4.99,ea(,12.17/lb),,
2746,"Mary's Gone Crackers Organic Wheat-Free Gluten Free Crackers, Herb","Mary's Gone Crackers Organic Wheat-Free Gluten Free Crackers, Herb",gro_baker,pantry,6.5oz,"		$4.99/ea($12.17/lb)",4.99,ea(,12.17/lb),,
2747,Mestemacher Pumpernickel Bread,Mestemacher Pumpernickel Bread,gro_baker,pantry,17.6oz,"		$2.99/ea($2.72/lb)",2.99,ea(,2.72/lb),,
2748,Mestemacher Sunflower Seed Bread,Mestemacher Sunflower Seed Bread,gro_baker,pantry,17.6oz,"		$2.99/ea($2.72/lb)",2.99,ea(,2.72/lb),,
2749,Mestemacher Three Grain Bread,Mestemacher Three Grain Bread,gro_baker,pantry,17.6oz,"		$2.99/ea($2.72/lb)",2.99,ea(,2.72/lb),,
2750,Mestemacher Whole Rye Bread,Mestemacher Whole Rye Bread,gro_baker,pantry,17.6oz,"		$2.99/ea($2.72/lb)",2.99,ea(,2.72/lb),,
2751,"Mission Flour Wraps, Multi-Grain","Mission Flour Wraps, Multi-Grain",gro_baker,pantry,"10"", 6ct (15oz)","		$3.29/ea($3.50/lb)",3.29,ea(,3.50/lb),,
2752,"Mission Flour Wraps, Original","Mission Flour Wraps, Original",gro_baker,pantry,"10"", 6ct (15oz)","		$3.29/ea($3.50/lb)",3.29,ea(,3.50/lb),,
2753,Nabisco Honey Maid Cinnamon Graham Crackers,Nabisco Honey Maid Cinnamon Graham Crackers,gro_baker,pantry,14.4oz,"		$4.59/ea($5.10/lb)",4.59,ea(,5.10/lb),,
2754,Nabisco Premium Unsalted Saltine Crackers,Nabisco Premium Unsalted Saltine Crackers,gro_baker,pantry,16oz,"		$3.59/ea($3.59/lb)",3.59,ea(,3.59/lb),,
2755,"Nabisco Ritz Bits Cheese Filled Crackers, Packs","Nabisco Ritz Bits Cheese Filled Crackers, Packs",gro_baker,pantry,"12ct, 1oz ea","		$6.49/ea($8.65/lb)",6.49,ea(,8.65/lb),,
2756,Nabisco Ritz Reduced Fat Snack Crackers,Nabisco Ritz Reduced Fat Snack Crackers,gro_baker,pantry,12.5oz,"		$4.49/ea($5.76/lb)",4.49,ea(,5.76/lb),,
2757,Nabisco Wheat Thins Hint of Salt Snack Crackers,Nabisco Wheat Thins Hint of Salt Snack Crackers,gro_baker,pantry,9.1oz,"		$3.99/ea($7.00/lb)",3.99,ea(,7.00/lb),,
2758,"New York The Original Texas Toast Croutons, Cheese & Garlic","New York The Original Texas Toast Croutons, Cheese & Garlic",gro_baker,pantry,5oz,"		$1.99/ea($6.42/pt)",1.99,ea(,6.42/pt),,
2759,"New York The Original Texas Toast Croutons, Garlic & Butter Flavored","New York The Original Texas Toast Croutons, Garlic & Butter Flavored",gro_baker,pantry,5oz,"		$1.99/ea($6.42/pt)",1.99,ea(,6.42/pt),,
2760,"Old London All Natural Melba Toast, Classic","Old London All Natural Melba Toast, Classic",gro_baker,pantry,5oz,"		$2.79/ea($9.00/lb)",2.79,ea(,9.00/lb),,
2761,Olivia's Croutons Butter & Garlic Croutons,Olivia's Croutons Butter & Garlic Croutons,gro_baker,pantry,5oz,"		$3.79/ea($12.23/pt)",3.79,ea(,12.23/pt),,
2762,Olivia's Croutons Multigrain with Garlic Croutons,Olivia's Croutons Multigrain with Garlic Croutons,gro_baker,pantry,5oz,"		$3.79/ea($12.23/pt)",3.79,ea(,12.23/pt),,
2763,Olivia's Croutons Organic Garlic & Herb Croutons,Olivia's Croutons Organic Garlic & Herb Croutons,gro_baker,pantry,4.5oz,"		$3.79/ea($13.54/pt)",3.79,ea(,13.54/pt),,
2764,Pepperidge Farm Herb Stuffing,Pepperidge Farm Herb Stuffing,gro_baker,pantry,14oz,"		$2.99/ea($3.40/lb)",2.99,ea(,3.40/lb),,
2765,Perfect Balance Organic 100% Whole Grain Wheat Bread,Perfect Balance Organic 100% Whole Grain Wheat Bread,gro_baker,pantry,18oz,"		$3.79/ea($3.35/lb)",3.79,ea(,3.35/lb),,
2766,Perfect Balance Organic White Bread,Perfect Balance Organic White Bread,gro_baker,pantry,18oz,"		$3.79/ea($3.35/lb)",3.79,ea(,3.35/lb),,
2768,Schar Bread Crumbs,Schar Bread Crumbs,gro_baker,pantry,8.8oz,"		$4.19/ea($7.62/lb)",4.19,ea(,7.62/lb),,
2769,Schar Ciabatta Parbaked Rolls,Schar Ciabatta Parbaked Rolls,gro_baker,pantry,"4ct, 7oz","		$4.99/ea($11.34/lb)",4.99,ea(,11.34/lb),,
2770,Schar Multigrain Bread,Schar Multigrain Bread,gro_baker,pantry,14oz,"		$5.99/ea($6.81/lb)",5.99,ea(,6.81/lb),,
2771,Sheridans Cheesemongers Irish Brown-Bread Crackers,Sheridans Cheesemongers Irish Brown-Bread Crackers,gro_baker,pantry,5oz,"		$4.99/ea($16.10/lb)",4.99,ea(,16.10/lb),,
2772,"Stacy's Pita Crisps, Simply Naked","Stacy's Pita Crisps, Simply Naked",gro_baker,pantry,6.75oz,"		$3.29/ea($7.83/lb)",3.29,ea(,7.83/lb),,
2773,Stove Top Chicken Stuffing Mix,Stove Top Chicken Stuffing Mix,gro_baker,pantry,6oz,"		$2.29/ea($6.03/lb)",2.29,ea(,6.03/lb),,
2774,Stove Top Turkey Stuffing Mix,Stove Top Turkey Stuffing Mix,gro_baker,pantry,6oz,"		$2.29/ea($6.03/lb)",2.29,ea(,6.03/lb),,
2775,Sunshine Krispy Saltines,Sunshine Krispy Saltines,gro_baker,pantry,16oz,"		$3.59/ea($3.59/lb)",3.59,ea(,3.59/lb),,
2776,Sunshine Krispy Soup & Oyster Crackers,Sunshine Krispy Soup & Oyster Crackers,gro_baker,pantry,11oz,"		$3.69/ea($5.35/lb)",3.69,ea(,5.35/lb),,
2777,Sushi Chef Panko (Japanese Bread Flakes),Sushi Chef Panko (Japanese Bread Flakes),gro_baker,pantry,8oz,"		$3.19/ea($6.38/lb)",3.19,ea(,6.38/lb),,
2778,Thomas' Sahara White Pita Pocket Bread,Thomas' Sahara White Pita Pocket Bread,gro_baker,pantry,6pc (12oz),"		$3.29/ea($4.39/lb)",3.29,ea(,4.39/lb),,
2779,Thomas' Sahara Whole Wheat Pita Pocket Bread,Thomas' Sahara Whole Wheat Pita Pocket Bread,gro_baker,pantry,6pc (12oz),"		$3.29/ea($4.39/lb)",3.29,ea(,4.39/lb),,
2780,"Udi's Gluten Free Classic Hamburger Buns, Frozen","Udi's Gluten Free Classic Hamburger Buns, Frozen",gro_baker,pantry,"4ct, 10.4oz","		$4.99/ea($7.68/lb)",4.99,ea(,7.68/lb),,
2781,"Udi's Gluten Free Classic Hotdog Buns, Frozen","Udi's Gluten Free Classic Hotdog Buns, Frozen",gro_baker,pantry,"6ct, 12.9oz","		$4.99/ea($6.16/lb)",4.99,ea(,6.16/lb),,
2782,"Ultimate Grains All-Natural Whole Grain, Ancient 12 Grains","Ultimate Grains All-Natural Whole Grain, Ancient 12 Grains",gro_baker,pantry,24oz,"		$3.19/ea($2.13/lb)",3.19,ea(,2.13/lb),,
2783,"Ultimate Grains All-Natural Whole Grain, Multi-Grain","Ultimate Grains All-Natural Whole Grain, Multi-Grain",gro_baker,pantry,24oz,"		$3.19/ea($2.13/lb)",3.19,ea(,2.13/lb),,
2784,Wasa Hearty Rye Crispbread,Wasa Hearty Rye Crispbread,gro_baker,pantry,9.7oz,"		$2.69/ea($4.41/lb)",2.69,ea(,4.41/lb),,
2785,Wasa Light Rye Crispbread,Wasa Light Rye Crispbread,gro_baker,pantry,9.5oz,"		$2.69/ea($4.56/lb)",2.69,ea(,4.56/lb),,
2786,Wasa Multi-Grain Crispbread,Wasa Multi-Grain Crispbread,gro_baker,pantry,9.7oz,"		$2.69/ea($4.41/lb)",2.69,ea(,4.41/lb),,
2787,Wasa Sourdough Crispbread,Wasa Sourdough Crispbread,gro_baker,pantry,9.7oz,"		$2.69/ea($4.41/lb)",2.69,ea(,4.41/lb),,
2788,Wasa Whole Grain Crispbread,Wasa Whole Grain Crispbread,gro_baker,pantry,9.2oz,"		$2.69/ea($4.64/lb)",2.69,ea(,4.64/lb),,
2789,"34 Degrees Crispbread, Cracked Pepper","34 Degrees Crispbread, Cracked Pepper",gro_baker,pantry,4.5oz,"		$4.69/ea($16.75/lb)",4.69,ea(,16.75/lb),,
2790,"Doctor Kracker Organic & Artisan-Baked Snackers, Pumpkin Seed Cheddar","Doctor Kracker Organic & Artisan-Baked Snackers, Pumpkin Seed Cheddar",gro_baker,pantry,6oz,"		$3.99/ea($10.50/lb)",3.99,ea(,10.50/lb),,
2791,"Doctor Kracker Organic & Artisan-Baked Snackers, Seedlander","Doctor Kracker Organic & Artisan-Baked Snackers, Seedlander",gro_baker,pantry,6oz,"		$3.99/ea($10.50/lb)",3.99,ea(,10.50/lb),,
2794,"Lesley Stowe Raincoast Crisps, Cranberry Oat","Lesley Stowe Raincoast Crisps, Cranberry Oat",gro_baker,pantry,6oz,"		$6.99/ea($18.39/lb)",6.99,ea(,18.39/lb),,
2796,Manischewitz Homestyle Stuffing Stove Top Mix,Manischewitz Homestyle Stuffing Stove Top Mix,gro_baker,pantry,6oz,"		$4.89/ea($12.87/lb)",4.89,ea(,12.87/lb),,
2797,Martin's Long Potato Rolls,Martin's Long Potato Rolls,gro_baker,pantry,8ct,"		$3.69/ea($3.94/lb)",3.69,ea(,3.94/lb),,
2798,Martin's Sandwich Potato Bread,Martin's Sandwich Potato Bread,gro_baker,pantry,18oz,"		$3.69/ea($3.28/lb)",3.69,ea(,3.28/lb),,
2799,"Old London All Natural Melba Snacks, Sesame","Old London All Natural Melba Snacks, Sesame",gro_baker,pantry,5.25oz,"		$2.79/ea($8.45/lb)",2.79,ea(,8.45/lb),,
2801,Pepperidge Farm Cinnamon Swirl Bread,Pepperidge Farm Cinnamon Swirl Bread,gro_baker,pantry,16oz,"		$4.49/ea($4.49/lb)",4.49,ea(,4.49/lb),,
2802,Pepperidge Farm Cornbread Stuffing,Pepperidge Farm Cornbread Stuffing,gro_baker,pantry,14oz,"		$2.99/ea($3.40/lb)",2.99,ea(,3.40/lb),,
2803,Pepperidge Farm Cubed Bread Herb Stuffing,Pepperidge Farm Cubed Bread Herb Stuffing,gro_baker,pantry,12oz,"		$2.99/ea($3.99/lb)",2.99,ea(,3.99/lb),,
2804,Pepperidge Farm Farmhouse Hearty White Bread,Pepperidge Farm Farmhouse Hearty White Bread,gro_baker,pantry,24oz,"		$3.99/ea($2.66/lb)",3.99,ea(,2.66/lb),,
2805,"Pepperidge Farm Goldfish Crackers, Cheddar","Pepperidge Farm Goldfish Crackers, Cheddar",gro_baker,pantry,30oz carton,"		$7.99/ea($4.26/lb)",7.99,ea(,4.26/lb),,
2806,"Pepperidge Farm Goldfish Crackers, Cheddar made with Whole Grain","Pepperidge Farm Goldfish Crackers, Cheddar made with Whole Grain",gro_baker,pantry,30oz Carton,"		$8.99/ea($4.79/lb)",8.99,ea(,4.79/lb),,
2809,"Rustic Bakery Pan Forte Crostini, Hazelnut","Rustic Bakery Pan Forte Crostini, Hazelnut",gro_baker,pantry,4oz,"		$6.99/ea($27.96/lb)",6.99,ea(,27.96/lb),,
2810,"Rustic Bakery Pan Forte Crostini, Walnut","Rustic Bakery Pan Forte Crostini, Walnut",gro_baker,pantry,4oz,"		$6.99/ea($27.96/lb)",6.99,ea(,27.96/lb),,
2811,Ryvita Light Rye Crispbread,Ryvita Light Rye Crispbread,gro_baker,pantry,8.8oz,"		$2.49/ea($4.53/lb)",2.49,ea(,4.53/lb),,
2812,Ryvita Multigrain Crispbread,Ryvita Multigrain Crispbread,gro_baker,pantry,8.8oz,"		$3.29/ea($5.98/lb)",3.29,ea(,5.98/lb),,
2813,Schar Classic White Bread,Schar Classic White Bread,gro_baker,pantry,14oz,"		$5.99/ea($6.81/lb)",5.99,ea(,6.81/lb),,
2814,Schar Classic White Rolls,Schar Classic White Rolls,gro_baker,pantry,"4ct, 10.6oz","		$5.99/ea($2.26/lb)",5.99,ea(,2.26/lb),,
2815,Sheridans Cheesemongers Mixed-Seed Crackers,Sheridans Cheesemongers Mixed-Seed Crackers,gro_baker,pantry,4.5oz,"		$4.99/ea($17.82/lb)",4.99,ea(,17.82/lb),,
2816,Sun-Maid Cinnamon Swirl Raisin Bread,Sun-Maid Cinnamon Swirl Raisin Bread,gro_baker,pantry,16oz,"		$0.00/null($0.00/lb)",0,null(,0.00/lb),,
2817,Thomas' Multi-Grain English Muffins,Thomas' Multi-Grain English Muffins,gro_baker,pantry,6pc,"		$0.00/null($0.00/lb)",0,null(,0.00/lb),,
2818,Alvarado St. Bakery Essential Flax Seed Bread Made with 100% Sprouted Whole Grains,Alvarado St. Bakery Essential Flax Seed Bread Made with 100% Sprouted Whole Grains,gro_baker,pantry,16oz,"		$0.00/null($0.00/lb)",0,null(,0.00/lb),,
2819,Kavli Thin Crispbread,Kavli Thin Crispbread,gro_baker,pantry,5.29oz," 	$0.00/null $2.29($0.00/lb)",0,null ,2.29(0.00/lb),0.00/lb),
2820,Keebler Town House Original Crackers,Keebler Town House Original Crackers,gro_baker,pantry,13.8oz,"		$0.00/null($0.00/lb)",0,null(,0.00/lb),,
2821,Nabisco Honey Maid Low-Fat Honey Graham Crackers,Nabisco Honey Maid Low-Fat Honey Graham Crackers,gro_baker,pantry,14.4oz,"		$0.00/null($0.00/lb)",0,null(,0.00/lb),,
2822,Pepperidge Farm Trio Cracker Assortment,Pepperidge Farm Trio Cracker Assortment,gro_baker,pantry,10oz,"		$0.00/null($0.00/lb)",0,null(,0.00/lb),,
2823,Martin's Sandwich Potato Rolls,Martin's Sandwich Potato Rolls,gro_baker,pantry,8ct,"		$0.00/null($0.00/lb)",0,null(,0.00/lb),,
2824,Pepperidge Farm Raisin Cinnamon Swirl Bread,Pepperidge Farm Raisin Cinnamon Swirl Bread,gro_baker,pantry,16oz,"		$0.00/null($0.00/lb)",0,null(,0.00/lb),,
2825,Ryvita Pumpkin Seeds & Oats Crispbread,Ryvita Pumpkin Seeds & Oats Crispbread,gro_baker,pantry,7oz,"		$0.00/null($0.00/lb)",0,null(,0.00/lb),,
2827,Green Castelvetrano Olives,Green Castelvetrano Olives,olive,deli,NA,"		$7.99/lb",7.99,lb,,,
2828,Byzantine Pitted Greek Olive Antipasto Mix,Byzantine Pitted Greek Olive Antipasto Mix,olive,deli,NA,"		$9.99/lb",9.99,lb,,,
2829,Pitted Greek Olive Mix,Pitted Greek Olive Mix,olive,deli,NA,"		$6.49/lb",6.49,lb,,,
2830,Italian Grilled Artichokes,Italian Grilled Artichokes,olive,deli,NA,"		$16.99/lb",16.99,lb,,,
2831,Byzantine Pitted Country Olive Mix,Byzantine Pitted Country Olive Mix,olive,deli,NA,"		$8.99/lb",8.99,lb,,,
2833,Pimiento-Stuffed Green Olives,Pimiento-Stuffed Green Olives,olive,deli,33.8oz,"		$5.99/lb",5.99,lb,,,
2835,Pitted Moroccan Oil-Cured Olives,Pitted Moroccan Oil-Cured Olives,olive,deli,NA,"		$5.99/lb",5.99,lb,,,
2836,Pitted Picholine Olives,Pitted Picholine Olives,olive,deli,NA,"		$5.99/lb",5.99,lb,,,
2837,Spanish Olive Mix,Spanish Olive Mix,olive,deli,NA,"		$6.49/lb",6.49,lb,,,
2839,Earthbound Farm Organic Baby Lettuce Mix,Earthbound Farm Organic Baby Lettuce Mix,olive,deli,5oz,"		$3.99/5ozAny 2 select 5oz salads for $7.00Mix'n'Match",3.99,5ozAny 2 select 5oz salads for ,7.00Mix'n'Match,,
2840,Cerignola Black Olives,Cerignola Black Olives,olive,deli,NA,"		$8.99/lb",8.99,lb,,,
2841,Cerignola Green Olives,Cerignola Green Olives,olive,deli,NA,"		$8.99/lb",8.99,lb,,,
2842,Cracked Green Olives,Cracked Green Olives,olive,deli,NA,"		$4.99/lb",4.99,lb,,,
2843,Kalamata Olives,Kalamata Olives,olive,deli,NA,"		$7.99/lb",7.99,lb,,,
2844,Non-Pareil Capers,Non-Pareil Capers,olive,deli,NA,"		$7.99/lb",7.99,lb,,,
2845,Pitted Manzanilla Olives,Pitted Manzanilla Olives,olive,deli,NA,"		$4.99/lb",4.99,lb,,,
2846,Pitted Sicilian Olives,Pitted Sicilian Olives,olive,deli,NA,"		$5.99/lb",5.99,lb,,,
2847,Cracked Sicilian Olives with Spices,Cracked Sicilian Olives with Spices,olive,deli,NA,"		$8.99/lb",8.99,lb,,,
2848,Genuine Gaeta Olives,Genuine Gaeta Olives,olive,deli,NA,"		$9.99/lb",9.99,lb,,,
2849,Picholine Olives,Picholine Olives,olive,deli,NA,"		$4.49/lb",4.49,lb,,,
2850,Tropicana Pure Premium Orange Juice with Calcium - No Pulp,tropicana pure premium orange juice,dai_juice,dairy,59 oz,"		$4.29/ea($1.16/pt)",4.29,ea(,1.16/pt),,
2851,"Chameleon Cold-Brew Coffee Concentrate, Black","Chameleon Cold-Brew Coffee Concentrate, Black",dai_juice,dairy,32floz,"		$11.99/ea($6.00/pt)",11.99,ea(,6.00/pt),,
2854,Tropicana Pure Premium Orange Juice Original - No Pulp,Tropicana Pure Premium Orange Juice Original - No Pulp,dai_juice,dairy,59 oz,"		$4.29/ea($1.16/pt)",4.29,ea(,1.16/pt),,
2855,"Chameleon Cold-Brew Coffee Concentrate, Mocha","Chameleon Cold-Brew Coffee Concentrate, Mocha",dai_juice,dairy,32floz,"		$11.99/ea($6.00/pt)",11.99,ea(,6.00/pt),,
2856,Red Jacket Apple Cider,Red Jacket Apple Cider,dai_juice,dairy,64oz,"		$3.49/ea($0.87/pt)",3.49,ea(,0.87/pt),,
2858,"Simply Orange Original Juice, Pulp Free","Simply Orange Original Juice, Pulp Free",dai_juice,dairy,59oz,"		$4.49/ea($1.22/pt)",4.49,ea(,1.22/pt),,
2859,Tropicana Pure Premium Orange Juice - Some Pulp,Tropicana Pure Premium Orange Juice - Some Pulp,dai_juice,dairy,59 oz,"		$4.29/ea",4.29,ea,,,
2864,Newman's Own Virgin Lemonade,Newman's Own Virgin Lemonade,dai_juice,dairy,59 oz,"		$2.69/ea($0.73/pt)",2.69,ea(,0.73/pt),,
2865,Red Jacket Fuji Apple Juice,Red Jacket Fuji Apple Juice,dai_juice,dairy,64oz,"		$5.99/64oz($1.50/pt)",5.99,64oz(,1.50/pt),,
2866,Simply All-Natural Lemonade,Simply All-Natural Lemonade,dai_juice,dairy,59oz,"		$3.19/ea($0.86/pt)",3.19,ea(,0.86/pt),,
2867,Tropicana Pure Premium Orange Juice Grovestand with Calcium & Vitamin D - Lots of Pulp,Tropicana Pure Premium Orange Juice Grovestand with Calcium & Vitamin D - Lots of Pulp,dai_juice,dairy,59 oz,"		$4.29/ea($1.16/pt)",4.29,ea(,1.16/pt),,
2868,"Tropicana Pure Premium Orange Juice, Calcium + Vitamin D, No Pulp","Tropicana Pure Premium Orange Juice, Calcium + Vitamin D, No Pulp",dai_juice,dairy,89oz,"		$6.39/ea($1.15/pt)",6.39,ea(,1.15/pt),,
2869,Tropicana Pure Premium Ruby Red Grapefruit Juice - Some Pulp,Tropicana Pure Premium Ruby Red Grapefruit Juice - Some Pulp,dai_juice,dairy,59 oz,"		$4.29/ea($1.16/pt)",4.29,ea(,1.16/pt),,
2871,"GT's Organic Raw Kombucha, Gingerade","GT's Organic Raw Kombucha, Gingerade",dai_juice,dairy,16oz,"		$3.69/ea($3.69/pt)",3.69,ea(,3.69/pt),,
2873,Newman's Own Pink Virgin Lemonade,Newman's Own Pink Virgin Lemonade,dai_juice,dairy,59 oz,"		$2.69/ea($0.73/pt)",2.69,ea(,0.73/pt),,
2874,Tropicana Low Acid Orange Juice,Tropicana Low Acid Orange Juice,dai_juice,dairy,59 oz,"		$4.29/ea($1.16/pt)",4.29,ea(,1.16/pt),,
2875,Tropicana Pure Premium Healthy Kids Orange Juice,Tropicana Pure Premium Healthy Kids Orange Juice,dai_juice,dairy,59 oz,"		$4.29/ea($1.16/pt)",4.29,ea(,1.16/pt),,
2876,"Tropicana Pure Premium Orange Juice, Original, No Pulp","Tropicana Pure Premium Orange Juice, Original, No Pulp",dai_juice,dairy,89oz,"		$6.39/ea($1.15/pt)",6.39,ea(,1.15/pt),,
2877,"Tropicana Trop50 Orange Juice Beverage with Calcium and Vitamin D, No Pulp","Tropicana Trop50 Orange Juice Beverage with Calcium and Vitamin D, No Pulp",dai_juice,dairy,59oz,"		$4.29/ea($1.16/pt)",4.29,ea(,1.16/pt),,
2878,Tropicana Tropics Orange Peach Mango Juice,Tropicana Tropics Orange Peach Mango Juice,dai_juice,dairy,59oz,"		$3.29/ea($0.89/pt)",3.29,ea(,0.89/pt),,
2888,Dole Pineapple Juice,Dole Pineapple Juice,dai_juice,dairy,59oz,"		$3.39/ea($0.92/pt)",3.39,ea(,0.92/pt),,
2891,"GT's Organic Raw Kombucha, Multi-Green","GT's Organic Raw Kombucha, Multi-Green",dai_juice,dairy,16oz,"		$3.79/ea($3.79/pt)",3.79,ea(,3.79/pt),,
2892,"GT's Organic Raw Kombucha, Original","GT's Organic Raw Kombucha, Original",dai_juice,dairy,16oz,"		$3.79/ea($3.79/pt)",3.79,ea(,3.79/pt),,
2893,"GT's Synergy Organic & Raw Kombucha, Cosmic Cranberry","GT's Synergy Organic & Raw Kombucha, Cosmic Cranberry",dai_juice,dairy,16oz,"		$3.79/ea($3.79/pt)",3.79,ea(,3.79/pt),,
2894,"Kevita Sparkling Probiotic Drink, Strawberry Acai Coconut","Kevita Sparkling Probiotic Drink, Strawberry Acai Coconut",dai_juice,dairy,15.2floz (450ml),"		$3.29/ea($3.46/pt)",3.29,ea(,3.46/pt),,
2895,"GT's Synergy Organic & Raw Kombucha, Gingerberry","GT's Synergy Organic & Raw Kombucha, Gingerberry",dai_juice,dairy,16oz,"		$3.79/ea($3.79/pt)",3.79,ea(,3.79/pt),,
2896,"GT's Synergy Organic & Raw Kombucha, Trilogy","GT's Synergy Organic & Raw Kombucha, Trilogy",dai_juice,dairy,16oz,"		$3.69/ea($3.69/pt)",3.69,ea(,3.69/pt),,
2898,"Naked Juice 100% Juice Smoothie, Green Machine","Naked Juice 100% Juice Smoothie, Green Machine",dai_juice,dairy,15.2oz,"		$3.39/ea($3.57/pt)",3.39,ea(,3.57/pt),,
2899,Naked Juice Green Machine 100% Juice Smoothie,Naked Juice Green Machine 100% Juice Smoothie,dai_juice,dairy,32oz,"		$4.99/ea($2.50/pt)",4.99,ea(,2.50/pt),,
2900,Naked Juice Mighty Mango 100% Juice Smoothie,Naked Juice Mighty Mango 100% Juice Smoothie,dai_juice,dairy,32oz,"		$4.99/ea($2.50/pt)",4.99,ea(,2.50/pt),,
2903,Red Jacket Fuji Apple Juice,Red Jacket Fuji Apple Juice,dai_juice,dairy,32oz,"		$4.49/32oz($2.24/pt)",4.49,32oz(,2.24/pt),,
2904,Red Jacket Joe's NY Style Lemonade,Red Jacket Joe's NY Style Lemonade,dai_juice,dairy,32oz,"		$4.49/32oz($2.24/pt)",4.49,32oz(,2.24/pt),,
2905,Red Jacket Raspberry Apple Juice,Red Jacket Raspberry Apple Juice,dai_juice,dairy,32oz,"		$4.49/32oz($2.24/pt)",4.49,32oz(,2.24/pt),,
2906,Red Jacket Strawberry Apple Juice,Red Jacket Strawberry Apple Juice,dai_juice,dairy,32oz,"		$4.49/32oz($2.24/pt)",4.49,32oz(,2.24/pt),,
2907,Red Jacket Tart Cherry Stomp Fruit Nectar,Red Jacket Tart Cherry Stomp Fruit Nectar,dai_juice,dairy,32oz,"		$6.99/32oz($3.50/pt)",6.99,32oz(,3.50/pt),,
2908,Simply All Natural Lemonade with Raspberry,Simply All Natural Lemonade with Raspberry,dai_juice,dairy,59oz,"		$3.19/ea($0.86/pt)",3.19,ea(,0.86/pt),,
2909,Simply All-Natural Limeade,Simply All-Natural Limeade,dai_juice,dairy,59oz,"		$3.19/ea($0.86/pt)",3.19,ea(,0.86/pt),,
2910,"Tropicana Pure Premium Orange Juice, No Pulp","Tropicana Pure Premium Orange Juice, No Pulp",dai_juice,dairy,12oz,"		$1.89/ea($2.52/pt)",1.89,ea(,2.52/pt),,
2916,Daily Greens Harmony,Daily Greens Harmony,dai_juice,dairy,16oz,"		$8.99/ea($8.99/pt)",8.99,ea(,8.99/pt),,
2917,Daily Greens Purity,Daily Greens Purity,dai_juice,dairy,16oz,"		$8.99/ea($8.99/pt)",8.99,ea(,8.99/pt),,
2918,Daily Greens Rejuvenate,Daily Greens Rejuvenate,dai_juice,dairy,16oz,"		$8.99/ea($8.99/pt)",8.99,ea(,8.99/pt),,
2919,Daily Greens Renew,Daily Greens Renew,dai_juice,dairy,16oz,"		$8.99/ea($8.99/pt)",8.99,ea(,8.99/pt),,
2920,Evolution Fresh Cold-Pressed Coconut Water & Pineapple Juice Blend,Evolution Fresh Cold-Pressed Coconut Water & Pineapple Juice Blend,dai_juice,dairy,15.2oz,"		$4.99/ea($5.25/pt)",4.99,ea(,5.25/pt),,
2921,Evolution Fresh Cold-Pressed Defense Up Juice & Puree Blend Smoothie,Evolution Fresh Cold-Pressed Defense Up Juice & Puree Blend Smoothie,dai_juice,dairy,15.2oz,"		$4.99/ea($5.25/pt)",4.99,ea(,5.25/pt),,
2922,Evolution Fresh Cold-Pressed Essential Greens with Lime Juice Blend,Evolution Fresh Cold-Pressed Essential Greens with Lime Juice Blend,dai_juice,dairy,32oz,"		$8.99/ea($4.50/pt)",8.99,ea(,4.50/pt),,
2923,Evolution Fresh Cold-Pressed Organic Carrot Apple Fruit & Vegetable Juice Blend,Evolution Fresh Cold-Pressed Organic Carrot Apple Fruit & Vegetable Juice Blend,dai_juice,dairy,15.2oz,"		$4.49/ea($4.73/pt)",4.49,ea(,4.73/pt),,
2926,Evolution Fresh Cold-Pressed Organic Grapefruit Juice,Evolution Fresh Cold-Pressed Organic Grapefruit Juice,dai_juice,dairy,64oz,"		$9.99/ea($2.50/pt)",9.99,ea(,2.50/pt),,
2927,Evolution Fresh Cold-Pressed Organic Orange Juice,Evolution Fresh Cold-Pressed Organic Orange Juice,dai_juice,dairy,15.2oz,"		$4.49/ea($4.73/pt)",4.49,ea(,4.73/pt),,
2928,Evolution Fresh Cold-Pressed Organic V Juice Blend,Evolution Fresh Cold-Pressed Organic V Juice Blend,dai_juice,dairy,15.2oz,"		$5.99/ea($6.31/pt)",5.99,ea(,6.31/pt),,
2929,Evolution Fresh Cold-Pressed Super Green Fruit Puree & Juice Blend Smoothie,Evolution Fresh Cold-Pressed Super Green Fruit Puree & Juice Blend Smoothie,dai_juice,dairy,15.2oz,"		$4.99/ea($5.25/pt)",4.99,ea(,5.25/pt),,
2930,Evolution Fresh Cold-Pressed Sweet Greens & Lemon Juice Blend,Evolution Fresh Cold-Pressed Sweet Greens & Lemon Juice Blend,dai_juice,dairy,15.2oz,"		$5.99/ea($6.31/pt)",5.99,ea(,6.31/pt),,
2931,Evolution Fresh Cold-Pressed Sweet Greens & Lemon Juice Blend,Evolution Fresh Cold-Pressed Sweet Greens & Lemon Juice Blend,dai_juice,dairy,32oz,"		$8.99/ea($4.50/pt)",8.99,ea(,4.50/pt),,
2932,Evolution Fresh Organic Apple Juice,Evolution Fresh Organic Apple Juice,dai_juice,dairy,64oz,"		$9.99/ea($2.50/pt)",9.99,ea(,2.50/pt),,
2948,JUISI Raw Chocolate Almond Milk,JUISI Raw Chocolate Almond Milk,dai_juice,dairy,16floz (473ml),"		$5.99/ea($5.99/pt)",5.99,ea(,5.99/pt),,
2950,Love Grace Ginger Bomb Juice,Love Grace Ginger Bomb Juice,dai_juice,dairy,4.5oz,"		$6.99/ea($24.96/pt)",6.99,ea(,24.96/pt),,
2951,"Naked Juice 100% Juice Smoothie, Berry Blast","Naked Juice 100% Juice Smoothie, Berry Blast",dai_juice,dairy,15.2oz,"		$3.39/ea($3.57/pt)",3.39,ea(,3.57/pt),,
2952,"Naked Juice 100% Juice Smoothie, Blue Machine","Naked Juice 100% Juice Smoothie, Blue Machine",dai_juice,dairy,15.2oz,"		$3.39/ea($3.57/pt)",3.39,ea(,3.57/pt),,
2953,"Naked Juice 100% Juice Smoothie, Mighty Mango","Naked Juice 100% Juice Smoothie, Mighty Mango",dai_juice,dairy,15.2oz,"		$3.39/ea($3.57/pt)",3.39,ea(,3.57/pt),,
2954,"Naked Juice 100% Juice Smoothie, Power-C Machine","Naked Juice 100% Juice Smoothie, Power-C Machine",dai_juice,dairy,15.2oz,"		$3.39/ea($3.57/pt)",3.39,ea(,3.57/pt),,
2955,"Naked Juice 100% Juice Smoothie, Red Machine","Naked Juice 100% Juice Smoothie, Red Machine",dai_juice,dairy,15.2oz,"		$3.39/ea($3.57/pt)",3.39,ea(,3.57/pt),,
2956,"Naked Juice Protein Juice Smoothie, Mango","Naked Juice Protein Juice Smoothie, Mango",dai_juice,dairy,15.2oz,"		$3.69/ea($3.88/pt)",3.69,ea(,3.88/pt),,
2957,"Naked Juice Protein Juice Smoothie, Protein Zone","Naked Juice Protein Juice Smoothie, Protein Zone",dai_juice,dairy,15.2oz,"		$3.69/ea($3.88/pt)",3.69,ea(,3.88/pt),,
2961,Noble Tangerine Juice,Noble Tangerine Juice,dai_juice,dairy,32oz,"		$4.99/ea($2.50/pt)",4.99,ea(,2.50/pt),,
2963,"R.W. Knudsen Just Tart Cherry Juice, Organic","R.W. Knudsen Just Tart Cherry Juice, Organic",dai_juice,dairy,32floz,"		$5.79/ea($2.90/pt)",5.79,ea(,2.90/pt),,
2964,Red Jacket Blackcurrant Apple Juice,Red Jacket Blackcurrant Apple Juice,dai_juice,dairy,32oz,"		$4.49/32oz($2.24/pt)",4.49,32oz(,2.24/pt),,
2965,Red Jacket Cranberry Apple Juice,Red Jacket Cranberry Apple Juice,dai_juice,dairy,32oz,"		$4.49/32oz($2.24/pt)",4.49,32oz(,2.24/pt),,
2966,Red Jacket Fuji Apple Juice,Red Jacket Fuji Apple Juice,dai_juice,dairy,12oz,"		$2.49/12oz($3.32/pt)",2.49,12oz(,3.32/pt),,
2967,Red Jacket Grape Apple Juice,Red Jacket Grape Apple Juice,dai_juice,dairy,32oz,"		$4.49/32oz($2.24/pt)",4.49,32oz(,2.24/pt),,
2969,Tropicana Pure Premium Orange Juice with Calcium & Vitamin D,Tropicana Pure Premium Orange Juice with Calcium & Vitamin D,dai_juice,dairy,12oz,"		$1.89/ea($2.52/pt)",1.89,ea(,2.52/pt),,
2970,"Tropicana Pure Premium Orange Juice with Calcium - No Pulp, Case",tropicana pure premium orange juice,dai_juice,dairy,"59 oz, 6 per case","		$22.99/cs($1.04/pt)",22.99,cs(,1.04/pt),3.831666667,
2971,"Tropicana Pure Premium Orange Juice, Some Pulp","Tropicana Pure Premium Orange Juice, Some Pulp",dai_juice,dairy,12oz,"		$1.89/ea($2.52/pt)",1.89,ea(,2.52/pt),,
2972,Tropicana Pure Premium Ruby Red Grapefruit Juice,Tropicana Pure Premium Ruby Red Grapefruit Juice,dai_juice,dairy,12oz,"		$1.89/ea($2.52/pt)",1.89,ea(,2.52/pt),,
2973,"Tropicana Trop50 Orange Juice, No Pulp with Calcium & Vitamin D","Tropicana Trop50 Orange Juice, No Pulp with Calcium & Vitamin D",dai_juice,dairy,12oz,"		$1.89/ea($2.52/pt)",1.89,ea(,2.52/pt),,
2974,"Tumeric Elixir of Life, Mineral Green","Tumeric Elixir of Life, Mineral Green",dai_juice,dairy,12oz,"		$5.59/ea($7.45/pt)",5.59,ea(,7.45/pt),,
2976,"Tumeric Elixir of Life, Original","Tumeric Elixir of Life, Original",dai_juice,dairy,12oz,"		$5.59/ea($7.45/pt)",5.59,ea(,7.45/pt),,
2981,"BluePrint Organic Cold-Pressed Juice, Spicy Apple","BluePrint Organic Cold-Pressed Juice, Spicy Apple",dai_juice,dairy,16oz,"		$9.99/ea($9.99/pt)",9.99,ea(,9.99/pt),,
2982,Bolthouse Farms 100% Carrot Juice,Bolthouse Farms 100% Carrot Juice,dai_juice,dairy,52oz,"		$5.99/ea($1.84/pt)",5.99,ea(,1.84/pt),,
2983,Bolthouse Farms Berry Boost 100% Fruit Juice Smoothie,Bolthouse Farms Berry Boost 100% Fruit Juice Smoothie,dai_juice,dairy,32oz,"		$4.99/ea($2.50/pt)",4.99,ea(,2.50/pt),,
2984,Bolthouse Farms Strawberry Banana 100% Fruit Juice Smoothie,Bolthouse Farms Strawberry Banana 100% Fruit Juice Smoothie,dai_juice,dairy,15.2oz,"		$2.99/ea($3.15/pt)",2.99,ea(,3.15/pt),,
2985,Bolthouse Farms Strawberry Banana 100% Fruit Juice Smoothie,Bolthouse Farms Strawberry Banana 100% Fruit Juice Smoothie,dai_juice,dairy,32oz,"		$4.99/ea($2.50/pt)",4.99,ea(,2.50/pt),,
2986,Bolthouse Farms Strawberry Parfait Breakfast Smoothie,Bolthouse Farms Strawberry Parfait Breakfast Smoothie,dai_juice,dairy,15.2oz,"		$2.99/ea($3.15/pt)",2.99,ea(,3.15/pt),,
2987,Daily Greens Vitality,Daily Greens Vitality,dai_juice,dairy,16oz,"		$8.99/ea($8.99/pt)",8.99,ea(,8.99/pt),,
2988,Evolution Fresh Cold-Pressed Coconut Water and Greens Juice Blend,Evolution Fresh Cold-Pressed Coconut Water and Greens Juice Blend,dai_juice,dairy,15.2floz,"		$5.99/ea($6.31/pt)",5.99,ea(,6.31/pt),,
2989,Harmless Harvest 100% Raw Coconut Water with Fair Trade Coffee,Harmless Harvest 100% Raw Coconut Water with Fair Trade Coffee,dai_juice,dairy,16oz,"		$4.99/ea($4.99/pt)",4.99,ea(,4.99/pt),,
2995,"Kevita Sparkling Probiotic Drink, Mojita Lime Mint Coconut","Kevita Sparkling Probiotic Drink, Mojita Lime Mint Coconut",dai_juice,dairy,15.2floz (450ml),"		$3.29/ea($3.46/pt)",3.29,ea(,3.46/pt),,
2997,Love Grace Beauty Elixir Juice,Love Grace Beauty Elixir Juice,dai_juice,dairy,4.5floz,"		$6.99/ea($24.96/pt)",6.99,ea(,24.96/pt),,
2998,Love Grace Watermelon Cleanser Juice,Love Grace Watermelon Cleanser Juice,dai_juice,dairy,16oz,"		$9.49/ea",9.49,ea,,,
2999,"Lumi Nutrition Shot, Fully Loaded: Broccoli Leaf, Lemon & Ginger","Lumi Nutrition Shot, Fully Loaded: Broccoli Leaf, Lemon & Ginger",dai_juice,dairy,2oz,"		$3.99/ea($31.92/pt)",3.99,ea(,31.92/pt),,
3000,"Lumi Nutrition Shot, Gold Rush: Turmeric, Ginger, Pear & Cayenne","Lumi Nutrition Shot, Gold Rush: Turmeric, Ginger, Pear & Cayenne",dai_juice,dairy,2oz,"		$3.99/ea($31.92/pt)",3.99,ea(,31.92/pt),,
3001,"Lumi Nutrition Shot, Hot Shot: Beet, Jalapeño & Lime","Lumi Nutrition Shot, Hot Shot: Beet, Jalapeño & Lime",dai_juice,dairy,2oz,"		$3.99/ea($31.92/pt)",3.99,ea(,31.92/pt),,
3002,"Naked Juice Green Machine 100% Juice Smoothie, Case","Naked Juice Green Machine 100% Juice Smoothie, Case",dai_juice,dairy,"32oz, 8 per case","		$35.49/cs($2.22/pt)",35.49,cs(,2.22/pt),,
3003,"Naked Juice Mighty Mango 100% Juice Smoothie, Case","Naked Juice Mighty Mango 100% Juice Smoothie, Case",dai_juice,dairy,"32oz, 8 per case","		$35.49/cs($2.22/pt)",35.49,cs(,2.22/pt),,
3004,"Newman's Own Pink Virgin Lemonade, Case","Newman's Own Pink Virgin Lemonade, Case",dai_juice,dairy,"59 oz, 8 per case","		$18.99/cs($4.75/pt)",18.99,cs(,4.75/pt),,
3005,"Newman's Own Virgin Lemonade, Case","Newman's Own Virgin Lemonade, Case",dai_juice,dairy,"59 oz, 8 per case","		$18.99/cs($4.75/pt)",18.99,cs(,4.75/pt),,
3006,Noble 100% Florida Tangerine Juice,Noble 100% Florida Tangerine Juice,dai_juice,dairy,12oz,"		$2.99/ea($3.99/pt)",2.99,ea(,3.99/pt),,
3007,Noble 100% Florida Tangerine Juice,Noble 100% Florida Tangerine Juice,dai_juice,dairy,58oz,"		$5.99/ea($1.65/pt)",5.99,ea(,1.65/pt),,
3008,Noble Apple Mandarin Chai Juice,Noble Apple Mandarin Chai Juice,dai_juice,dairy,12oz,"		$2.99/ea($3.99/pt)",2.99,ea(,3.99/pt),,
3009,Noble Honeybell Blueberry Juice,Noble Honeybell Blueberry Juice,dai_juice,dairy,12oz,"		$2.99/ea($3.99/pt)",2.99,ea(,3.99/pt),,
3010,Noble Organic Orange Juice,Noble Organic Orange Juice,dai_juice,dairy,12oz,"		$2.99/ea($3.99/pt)",2.99,ea(,3.99/pt),,
3011,Noble Royal Mandarin Greens Juice,Noble Royal Mandarin Greens Juice,dai_juice,dairy,12oz,"		$2.99/ea($3.99/pt)",2.99,ea(,3.99/pt),,
3013,"POM Wonderful 100% Pomegranate Juice, Case","POM Wonderful 100% Pomegranate Juice, Case",dai_juice,dairy,"24oz, 6 per case","		$37.49/cs($4.17/pt)",37.49,cs(,4.17/pt),,
3014,"POM Wonderful 100% Pomegranate Juice, Case","POM Wonderful 100% Pomegranate Juice, Case",dai_juice,dairy,"48oz, 6 per case","		$64.49/cs($3.58/pt)",64.49,cs(,3.58/pt),,
3016,"Rawpothecary Fiber Rich Blended Greens, Cress Fresh","Rawpothecary Fiber Rich Blended Greens, Cress Fresh",dai_juice,dairy,16floz,"		$7.99/ea($7.99/pt)",7.99,ea(,7.99/pt),,
3017,"Rawpothecary Fiber Rich Blended Greens, Dandi Detox","Rawpothecary Fiber Rich Blended Greens, Dandi Detox",dai_juice,dairy,16floz,"		$7.99/ea($7.99/pt)",7.99,ea(,7.99/pt),,
3018,"Rawpothecary Fiber Rich Blended Greens, Kalefornia","Rawpothecary Fiber Rich Blended Greens, Kalefornia",dai_juice,dairy,16floz,"		$7.99/ea($7.99/pt)",7.99,ea(,7.99/pt),,
3019,"Red Jacket Apple Cider, Case","Red Jacket Apple Cider, Case",dai_juice,dairy,"1.89 liter, 9 per case","		$39.99/cs($2.50/pt)",39.99,cs(,2.50/pt),,
3020,"Red Jacket Cranberry Apple Juice, Case","Red Jacket Cranberry Apple Juice, Case",dai_juice,dairy,"32oz, 8 per case","		$31.99/cs($2.00/pt)",31.99,cs(,2.00/pt),,
3021,"Red Jacket Fuji Apple Juice, Case","Red Jacket Fuji Apple Juice, Case",dai_juice,dairy,"32oz, 8 per case","		$29.99/cs($1.87/pt)",29.99,cs(,1.87/pt),,
3022,Red Jacket Joe's Clean Half Tea & Half Lemonade,Red Jacket Joe's Clean Half Tea & Half Lemonade,dai_juice,dairy,32oz,"		$4.49/ea($2.24/pt)",4.49,ea(,2.24/pt),,
3024,"Red Jacket Orchards Fuji Apple Juice, Case","Red Jacket Orchards Fuji Apple Juice, Case",dai_juice,dairy,"12 per case, 12floz ea","		$27.99/cs($3.11/pt)",27.99,cs(,3.11/pt),,
3025,"Red Jacket Orchards Raspberry Apple Juice, Case","Red Jacket Orchards Raspberry Apple Juice, Case",dai_juice,dairy,"12 per case, 12floz ea","		$27.99/cs($3.11/pt)",27.99,cs(,3.11/pt),,
3026,Red Jacket Raspberry Apple Juice,Red Jacket Raspberry Apple Juice,dai_juice,dairy,12oz,"		$2.49/12oz($3.32/pt)",2.49,12oz(,3.32/pt),,
3027,"Red Jacket Raspberry Apple Juice, Case","Red Jacket Raspberry Apple Juice, Case",dai_juice,dairy,"32oz, 8 per case","		$31.99/cs($2.00/pt)",31.99,cs(,2.00/pt),,
3028,Red Jacket Strawberry Apple Juice,Red Jacket Strawberry Apple Juice,dai_juice,dairy,12oz,"		$2.49/12oz($3.32/pt)",2.49,12oz(,3.32/pt),,
3029,"Red Jacket Strawberry Apple Juice, Case","Red Jacket Strawberry Apple Juice, Case",dai_juice,dairy,"32oz, 8 per case","		$31.99/cs($2.00/pt)",31.99,cs(,2.00/pt),,
3030,"Simply Orange Original Juice, Pulp Free, Case","Simply Orange Original Juice, Pulp Free, Case",dai_juice,dairy,"59oz ea, 6ct","		$23.99/cs($1.08/pt)",23.99,cs(,1.08/pt),,
3035,"The Squeeze 100% Raw Cold Pressed Juice, Get Your Juices Flowing","The Squeeze 100% Raw Cold Pressed Juice, Get Your Juices Flowing",dai_juice,dairy,16floz,"		$7.99/ea($7.99/pt)",7.99,ea(,7.99/pt),,
3036,"The Squeeze 100% Raw Cold Pressed Juice, I Have a Heart-On Cold Pressed Juice","The Squeeze 100% Raw Cold Pressed Juice, I Have a Heart-On Cold Pressed Juice",dai_juice,dairy,16floz,"		$7.99/ea($7.99/pt)",7.99,ea(,7.99/pt),,
3037,"The Squeeze 100% Raw Cold Pressed Juice, Raw Ginger-Aid","The Squeeze 100% Raw Cold Pressed Juice, Raw Ginger-Aid",dai_juice,dairy,16floz,"		$7.99/ea($7.99/pt)",7.99,ea(,7.99/pt),,
3038,"The Squeeze 100% Raw Cold Pressed Juice, Squeeze My Electrolyte Pink Lemonade","The Squeeze 100% Raw Cold Pressed Juice, Squeeze My Electrolyte Pink Lemonade",dai_juice,dairy,16floz,"		$7.99/ea($7.99/pt)",7.99,ea(,7.99/pt),,
3039,The Squeeze 100% Raw Organic Blueberry Protein,The Squeeze 100% Raw Organic Blueberry Protein,dai_juice,dairy,16floz,"		$7.99/ea($7.99/pt)",7.99,ea(,7.99/pt),,
3040,The Squeeze 100% Raw Organic Cold Brew Squeezuccino,The Squeeze 100% Raw Organic Cold Brew Squeezuccino,dai_juice,dairy,16floz,"		$7.99/ea($7.99/pt)",7.99,ea(,7.99/pt),,
3041,The Squeeze 100% Raw Organic PB&J;,The Squeeze 100% Raw Organic PB&J;,dai_juice,dairy,16floz,"		$7.99/ea($7.99/pt)",7.99,ea(,7.99/pt),,
3042,The Squeeze 100% Raw Organic What Makes A Coconut Shake?,The Squeeze 100% Raw Organic What Makes A Coconut Shake?,dai_juice,dairy,16floz,"		$7.99/ea($7.99/pt)",7.99,ea(,7.99/pt),,
3043,"Tropicana Low Acid Orange Juice, Case","Tropicana Low Acid Orange Juice, Case",dai_juice,dairy,"59 oz, 6 per case","		$22.99/cs($1.04/pt)",22.99,cs(,1.04/pt),,
3044,"Tropicana Pure Premium Healthy Kids Orange Juice, Case","Tropicana Pure Premium Healthy Kids Orange Juice, Case",dai_juice,dairy,"59 oz, 6 per case","		$22.99/cs($1.04/pt)",22.99,cs(,1.04/pt),,
3045,"Tropicana Pure Premium Orange Juice - Some Pulp, Case","Tropicana Pure Premium Orange Juice - Some Pulp, Case",dai_juice,dairy,"59 oz, 6 per case","		$22.99/cs($1.04/pt)",22.99,cs(,1.04/pt),,
3046,"Tropicana Pure Premium Orange Juice Grovestand with Calcium & Vitamin D - Lots of Pulp, Case","Tropicana Pure Premium Orange Juice Grovestand with Calcium & Vitamin D - Lots of Pulp, Case",dai_juice,dairy,"59 oz, 6 per case","		$22.99/cs($1.04/pt)",22.99,cs(,1.04/pt),,
3047,"Tropicana Pure Premium Orange Juice Original, No Pulp, Case","Tropicana Pure Premium Orange Juice Original, No Pulp, Case",dai_juice,dairy,"59oz ea, 6ct","		$22.99/cs($1.04/pt)",22.99,cs(,1.04/pt),,
3048,"Tropicana Pure Premium Ruby Red Grapefruit Juice - Some Pulp, Case","Tropicana Pure Premium Ruby Red Grapefruit Juice - Some Pulp, Case",dai_juice,dairy,"59oz, 6 per case","		$22.99/cs($1.04/pt)",22.99,cs(,1.04/pt),,
3049,"Tropicana Tropics Orange Peach Mango Juice, Case","Tropicana Tropics Orange Peach Mango Juice, Case",dai_juice,dairy,"59oz, 8 per case","		$23.49/cs($1.06/pt)",23.49,cs(,1.06/pt),,
3050,"Tumeric Elixir of Life, Japanese Matcha","Tumeric Elixir of Life, Japanese Matcha",dai_juice,dairy,12oz,"		$5.59/ea($7.45/pt)",5.59,ea(,7.45/pt),,
3052,"WTRMLN WTR Cold-Pressed Juiced Watermelon, Case","WTRMLN WTR Cold-Pressed Juiced Watermelon, Case",dai_juice,dairy,"12ct, 12oz ea","		$43.99/cs($4.89/pt)",43.99,cs(,4.89/pt),,
3054,Harmless Harvest 100% Raw Coconut Water,Harmless Harvest 100% Raw Coconut Water,dai_juice,dairy,8oz,"		$0.00/null($0.00/pt)",0,null(,0.00/pt),,
3055,"Harmless Harvest 100% Raw Coconut Water, Case","Harmless Harvest 100% Raw Coconut Water, Case",dai_juice,dairy,"8oz, 12 per case","		$0.00/null($0.00/pt)",0,null(,0.00/pt),,
3057,Evolution Fresh Cold-Pressed Essential Greens with Lime Juice Blend,Evolution Fresh Cold-Pressed Essential Greens with Lime Juice Blend,dai_juice,dairy,15.2oz,"		$0.00/null($0.00/pt)",0,null(,0.00/pt),,
3058,Evolution Fresh Cold-Pressed Smooth Greens Juice Blend,Evolution Fresh Cold-Pressed Smooth Greens Juice Blend,dai_juice,dairy,15.2floz,"		$0.00/null($0.00/pt)",0,null(,0.00/pt),,
3060,Bolthouse Farms Green Goodness 100% Fruit Juice Smoothie,Bolthouse Farms Green Goodness 100% Fruit Juice Smoothie,dai_juice,dairy,15.2oz,"		$0.00/null($0.00/pt)",0,null(,0.00/pt),,
3062,Evolution Fresh Organic Lemonade,Evolution Fresh Organic Lemonade,dai_juice,dairy,64oz,"		$0.00/null($0.00/pt)",0,null(,0.00/pt),,
3063,Harmless Harvest 100% Raw Coconut Water with Fair Trade Coffee,Harmless Harvest 100% Raw Coconut Water with Fair Trade Coffee,dai_juice,dairy,8oz," 	$0.00/null $2.79($0.00/pt)",0,null ,2.79(0.00/pt),0.00/pt),
3064,"Harmless Harvest 100% Raw Coconut Water with Fair Trade Coffee, Case","Harmless Harvest 100% Raw Coconut Water with Fair Trade Coffee, Case",dai_juice,dairy,"12ct, 8oz ea"," 	$0.00/null $33.48($0.00/pt)",0,null ,33.48(0.00/pt),0.00/pt),
3066,"Lambeth Groves Fresh Grapefruit Juice, Case","Lambeth Groves Fresh Grapefruit Juice, Case",dai_juice,dairy,"1 quart, 16 per case","		$0.00/null($0.00/pt)",0,null(,0.00/pt),,
3067,"Lambeth Groves Fresh Orange Juice, Case","Lambeth Groves Fresh Orange Juice, Case",dai_juice,dairy,"1 quart, 16 per case","		$0.00/null($0.00/pt)",0,null(,0.00/pt),,
3069,"Naked Juice Blue Machine 100% Juice Smoothie, Case","Naked Juice Blue Machine 100% Juice Smoothie, Case",dai_juice,dairy,"32oz, 8 per case","		$0.00/null($0.00/pt)",0,null(,0.00/pt),,
3070,"Rawpothecary Whole'istic Seed Milk, Heavenly Hemp","Rawpothecary Whole'istic Seed Milk, Heavenly Hemp",dai_juice,dairy,16floz,"		$0.00/null($0.00/pt)",0,null(,0.00/pt),,
3071,"Rawpothecary Whole'istic Seed Milk, Sun Coffee","Rawpothecary Whole'istic Seed Milk, Sun Coffee",dai_juice,dairy,16floz,"		$0.00/null($0.00/pt)",0,null(,0.00/pt),,
3072,"Red Jacket Orchards Strawberry Apple Juice, Case","Red Jacket Orchards Strawberry Apple Juice, Case",dai_juice,dairy,"12 per case, 12floz ea","		$0.00/null($0.00/pt)",0,null(,0.00/pt),,
3074,"Tropicana Pure Premium Orange Juice Antioxidant Advantage - No Pulp, Case","Tropicana Pure Premium Orange Juice Antioxidant Advantage - No Pulp, Case",dai_juice,dairy,"59 oz, 6 per case","		$0.00/null($0.00/pt)",0,null(,0.00/pt),,
3075,"Tropicana Pure Premium Orange Tangerine Juice - No Pulp, Case","Tropicana Pure Premium Orange Tangerine Juice - No Pulp, Case",dai_juice,dairy,"59 oz, 6 per case","		$0.00/null($0.00/pt)",0,null(,0.00/pt),,
3076,"Forager Organic Vegetable Juice Blend, Avocado & Greens","Forager Organic Vegetable Juice Blend, Avocado & Greens",dai_juice,dairy,16oz,"		$0.00/nullAny 4 Forager for $20.00Mix'n'Match",0,nullAny 4 Forager for ,20.00Mix'n'Match,,
3077,"Forager Organic Vegetable Juice Blend, Avocado & Tomato","Forager Organic Vegetable Juice Blend, Avocado & Tomato",dai_juice,dairy,16oz,"		$0.00/nullAny 4 Forager for $20.00Mix'n'Match",0,nullAny 4 Forager for ,20.00Mix'n'Match,,
3078,Alverdi Pinot Grigio,Alverdi Pinot Grigio,fdw_vin_cooking,wine,750ml,"		$9.99/ea($13.32/l)",9.99,ea(,13.32/l),,
3079,Joseph Drouhin Laforet Bourgogne Chardonnay,Joseph Drouhin Laforet Bourgogne Chardonnay,fdw_vin_cooking,wine,750ml,"		$14.99/ea($19.99/l)",14.99,ea(,19.99/l),,
3080,Pasqua Prosecco Treviso,Pasqua Prosecco Treviso,fdw_vin_cooking,wine,750ml,"		$11.99/ea($15.99/l)",11.99,ea(,15.99/l),,
3082,Château La Moulinière Bordeaux,Château La Moulinière Bordeaux,fdw_vin_cooking,wine,750ml,"		$12.99/ea($17.32/l)",12.99,ea(,17.32/l),,
3084,Domaine Raissac Les Lions Pinot Noir,Domaine Raissac Les Lions Pinot Noir,fdw_vin_cooking,wine,750ml,"		$13.99/ea($18.65/l)",13.99,ea(,18.65/l),,
3088,Christian Drouin Calvados Coeur de Lion Sélection,Christian Drouin Calvados Coeur de Lion Sélection,fdw_vin_cooking,wine,375ml,"		$17.99/ea($23.99/l)",17.99,ea(,23.99/l),,
3090,E&J; VSOP Brandy,E&J; VSOP Brandy,fdw_vin_cooking,wine,750ml,"		$14.99/ea($19.99/l)",14.99,ea(,19.99/l),,
3091,Evan Williams Black Label Bourbon,Evan Williams Black Label Bourbon,fdw_vin_cooking,wine,750ml,"		$14.99/ea($19.99/l)",14.99,ea(,19.99/l),,
3092,Grand Marnier Triple Orange Liqueur,Grand Marnier Triple Orange Liqueur,fdw_vin_cooking,wine,375ml,"		$23.99/ea($63.97/l)",23.99,ea(,63.97/l),,
3093,Romana Sambuca,Romana Sambuca,fdw_vin_cooking,wine,1L (1000ml),"		$39.99/ea($39.99/l)",39.99,ea(,39.99/l),,
3094,Sobieski Vodka (Half-bottle),Sobieski Vodka (Half-bottle),fdw_vin_cooking,wine,375ml,"		$7.99/ea($21.31/l)",7.99,ea(,21.31/l),,
3095,Lemon Family Pack,Lemon Family Pack,fru_vpaks,fruit,5 - 7ct. (2 lb bag),"		$4.99/ea",4.99,ea,,,
3096,Large Navel Oranges Family Pack,Large Navel Oranges Family Pack,fru_vpaks,fruit,7 - 8 ct (approx 4 lb bag),"		$5.99/ea",5.99,ea,,,
3097,Lime Family Pack,Lime Family Pack,fru_vpaks,fruit,8-12ct,"		$3.99/ea",3.99,ea,,,
3098,Juice Oranges Family Pack,Juice Oranges Family Pack,fru_vpaks,fruit,each,"		$4.99/each",4.99,each,,,
3100,Lemons and Limes Family Pack,Lemons and Limes Family Pack,fru_vpaks,fruit,9-11ct  (approx. 3lbs),"		$8.99/ea",8.99,ea,,,
3101,"Yellow Bananas, Case","Yellow Bananas, Case",fru_vpaks,fruit,40lb (80-100 pcs),"		$29.99/ea",29.99,ea,,,
3102,"Assorted Breakfast Sandwiches Platter, Large","Assorted Breakfast Sandwiches Platter, Large",fru_vpaks,fruit,"18 pcs, approx 3.8lbs","		$49.99/ea",49.99,ea,,,
3105,"Navel Oranges, Case","Navel Oranges, Case",fru_vpaks,fruit,approx 48-56ct,"		$59.99/ea",59.99,ea,,,
3106,"Organic Navel Oranges, 4lb Bag","Organic Navel Oranges, 4lb Bag",fru_vpaks,fruit,NA,"		$9.99/ea",9.99,ea,,,
3107,"Nectarines, Case","Nectarines, Case",fru_vpaks,fruit,40-50ct,"		$49.99/ea",49.99,ea,,,
3108,"Peaches, Case","Peaches, Case",fru_vpaks,fruit,40-50ct,"		$49.99/ea",49.99,ea,,,
3109,"Best In Season Pears, Case","Best In Season Pears, Case",fru_vpaks,fruit,approx 50-60ct,"		$49.99/ea",49.99,ea,,,
3111,"Red Grapefruit, Case","Red Grapefruit, Case",fru_vpaks,fruit,36ct,"		$34.99/ea",34.99,ea,,,
3112,"Blackberries, Case","Blackberries, Case",fru_vpaks,fruit,"12ct, 8oz each","		$34.99/cs",34.99,cs,,,
3113,"Fresh Cubed Watermelon, Case","Fresh Cubed Watermelon, Case",fru_vpaks,fruit,"18ct, 8oz ea","		$59.69/cs",59.69,cs,,,
3114,"Fresh Halved Strawberries, Case","Fresh Halved Strawberries, Case",fru_vpaks,fruit,"18ct, 8oz ea","		$52.99/cs",52.99,cs,,,
3115,"Fresh Kiwi Mango Strawberry Medley, Case","Fresh Kiwi Mango Strawberry Medley, Case",fru_vpaks,fruit,"18ct, 8oz ea","		$79.99/cs",79.99,cs,,,
3118,"Raspberries, Case","Raspberries, Case",fru_vpaks,fruit,"12ct, 8oz each","		$39.99/cs",39.99,cs,,,
3119,"Strawberries, Case","Strawberries, Case",fru_vpaks,fruit,"8ct, 16oz each","		$37.99/cs",37.99,cs,,,
3120,"Interrupcion Fair Trade Organic Banana, Case","Interrupcion Fair Trade Organic Banana, Case",fru_vpaks,fruit,80-100ct,"		$39.99/ea",39.99,ea,,,
3121,Gorgonzola Dolce,Gorgonzola Dolce,che_frmstartsnl,cheese,NA,"		$17.99/lb",17.99,lb,,,
3122,La Fourme d'Ambert,La Fourme d'Ambert,che_frmstartsnl,cheese,NA,"		$14.99/lb",14.99,lb,,,
3123,Mycella Danish Mild Blue Cheese,Mycella Danish Mild Blue Cheese,che_frmstartsnl,cheese,NA,"		$12.99/lb",12.99,lb,,,
3124,Berkshire Blue Cheese,Berkshire Blue Cheese,che_frmstartsnl,cheese,NA,"		$23.99/lb",23.99,lb,,,
3125,Cellars at Jasper Hill Bayley Hazen Blue,Cellars at Jasper Hill Bayley Hazen Blue,che_frmstartsnl,cheese,NA,"		$23.99/lb",23.99,lb,,,
3126,La Peral,La Peral,che_frmstartsnl,cheese,NA,"		$16.99/lb",16.99,lb,,,
3127,Taleggio Cheese,Taleggio Cheese,che_frmstartsnl,cheese,NA,"		$14.99/lb",14.99,lb,,,
3128,Ewephoria Sheep Milk Gouda,Ewephoria Sheep Milk Gouda,che_frmstartsnl,cheese,NA,"		$16.99/lb",16.99,lb,,,
3129,Mountain Gorgonzola,Mountain Gorgonzola,che_frmstartsnl,cheese,NA,"		$15.99/lb",15.99,lb,,,
3130,Petit Pont-l'Evêque,Petit Pont-l'Evêque,che_frmstartsnl,cheese,8.8oz,"		$8.99/ea",8.99,ea,,,
3134,Affidelice,Affidelice,che_frmstartsnl,cheese,7oz,"		$14.99/ea",14.99,ea,,,
3135,Casera Valtellina,Casera Valtellina,che_frmstartsnl,cheese,NA,"		$17.99/lb",17.99,lb,,,
3136,Epoisses,Epoisses,che_frmstartsnl,cheese,8oz,"		$20.99/ea",20.99,ea,,,
3137,Paesanella,Paesanella,che_frmstartsnl,cheese,NA,"		$14.99/lb",14.99,lb,,,
3138,Brie de Nangis,Brie de Nangis,che_frmstartsnl,cheese,NA,"		$13.99/lb",13.99,lb,,,
3139,Bucheron,Bucheron,che_frmstartsnl,cheese,NA,"		$12.99/lb",12.99,lb,,,
3141,Bra Tenero,Bra Tenero,che_frmstartsnl,cheese,NA,"		$15.99/lb",15.99,lb,,,
3142,Caciocavallo,Caciocavallo,che_frmstartsnl,cheese,NA,"		$14.99/lb",14.99,lb,,,
3143,Vermont Creamery Bonne Bouche,Vermont Creamery Bonne Bouche,che_frmstartsnl,cheese,4oz," 	$7.19/ea $8.99Save 20%",7.19,ea ,8.99Save 20%,,
3145,"French Crottin Goat Cheese, Aged ","French Crottin Goat Cheese, Aged ",che_frmstartsnl,cheese,2oz,"		$5.99/ea",5.99,ea,,,
3146,Garrotxa,Garrotxa,che_frmstartsnl,cheese,NA,"		$24.99/lb",24.99,lb,,,
3148,Selles-sur-Cher,Selles-sur-Cher,che_frmstartsnl,cheese,5.3oz,"		$10.99/ea",10.99,ea,,,
3149,Cypress Grove Chèvre Truffle Tremor,Cypress Grove Chèvre Truffle Tremor,che_frmstartsnl,cheese,NA," 	$0.00/null $28.99",0,null ,28.99,,
3150,Cellars at Jasper Hill Clothbound Cabot Cheddar,Cellars at Jasper Hill Clothbound Cabot Cheddar,che_frmstartsnl,cheese,NA,"		$25.99/lb",25.99,lb,,,
3151,Vermont Creamery Double-Cream Cremont,Vermont Creamery Double-Cream Cremont,che_frmstartsnl,cheese,5oz,"		$8.99/ea",8.99,ea,,,
3153,Cypress Grove Creamline Midnight Moon,Cypress Grove Creamline Midnight Moon,che_frmstartsnl,cheese,8.5oz," 	$0.00/null $27.99",0,null ,27.99,,
3160,FreshDirect Oven-Ready Raisin Pecan Loaf,FreshDirect Oven-Ready Raisin Pecan Loaf,che_frmstartsnl,cheese,24oz,"		$4.49/ea($2.99/lb)",4.49,ea(,2.99/lb),,
3175,Mitica Fig Almond Cake w/ Pajarero Figs & Marcona Almonds,Mitica Fig Almond Cake w/ Pajarero Figs & Marcona Almonds,che_frmstartsnl,cheese,8.75oz,"		$6.99/ea($12.71/lb)",6.99,ea(,12.71/lb),,
3181,Green Beans,Green Beans,bns_pea,vegetables,1lb,"		$2.49/lb",2.49,lb,,,
3183,Organic Green Beans,Organic Green Beans,bns_pea,vegetables,12oz,"		$4.99/ea",4.99,ea,,,
3184,Snipped Green Beans in Microwavable Bag,Snipped Green Beans in Microwavable Bag,bns_pea,vegetables,12oz,"		$3.99/12oz",3.99,12oz,,,
3185,Haricots Verts,Haricots Verts,bns_pea,vegetables,NA,"		$4.99/lb",4.99,lb,,,
3186,FreshDirect Haricots Verts in Microwavable Bag,FreshDirect Haricots Verts in Microwavable Bag,bns_pea,vegetables,8oz,"		$4.99/ea($9.98/lb)",4.99,ea(,9.98/lb),,
3187,Snow Peas,Snow Peas,bns_pea,vegetables,NA,"		$3.99/lb",3.99,lb,,,
3188,FreshDirect Sugar Snap Peas in Microwavable Bag,FreshDirect Sugar Snap Peas in Microwavable Bag,bns_pea,vegetables,8oz,"		$5.99/ea($11.98/lb)",5.99,ea(,11.98/lb),,
3189,Mr. McGregor's Pea Tendrils,Mr. McGregor's Pea Tendrils,bns_pea,vegetables,4oz,"		$3.49/ea",3.49,ea,,,
3190,English Peas,English Peas,bns_pea,vegetables,8oz,"		$4.99/ea",4.99,ea,,,
3191,Trimmed French Beans,Trimmed French Beans,bns_pea,vegetables,8oz,"		$3.99/ea",3.99,ea,,,
3192,Washed Sugar Snap Peas,Washed Sugar Snap Peas,bns_pea,vegetables,8oz,"		$3.99/ea",3.99,ea,,,
3193,Fava Beans,Fava Beans,bns_pea,vegetables,NA,"		$4.99/lb",4.99,lb,,,
3194,Snipped Green Beans in Microwavable Bag,Snipped Green Beans in Microwavable Bag,bns_pea,vegetables,2lb,"		$7.49/2lb",7.49,2lb,,,
3195,Washed Snow Peas,Washed Snow Peas,bns_pea,vegetables,8oz,"		$3.99/ea",3.99,ea,,,
3196,Grown On Long Island  English Peas,Grown On Long Island  English Peas,bns_pea,vegetables,NA,"		$3.99/lb",3.99,lb,,,
3197,Garbanzo Beans,Garbanzo Beans,bns_pea,vegetables,NA,"		$3.49/lb",3.49,lb,,,
3198,Organic English Peas,Organic English Peas,bns_pea,vegetables,NA,"		$4.99/lb",4.99,lb,,,
3199,Grown On Long Island  Sugar Snap Peas,Grown On Long Island  Sugar Snap Peas,bns_pea,vegetables,NA," 	$0.00/null $3.99",0,null ,3.99,,
3200,Amy's Cheese Pizza,Amy's Cheese Pizza,fro_pizza,frozen,13oz,"		$6.79/ea($8.38/lb)",6.79,ea(,8.38/lb),,
3201,Amy's Margherita Pizza w/ Organic Flour & Tomatoes,Amy's Margherita Pizza w/ Organic Flour & Tomatoes,fro_pizza,frozen,11oz,"		$7.99/ea($11.58/lb)",7.99,ea(,11.58/lb),,
3202,"Amy's Single Serve Pizza, Cheese","Amy's Single Serve Pizza, Cheese",fro_pizza,frozen,6.2oz,"		$4.49/ea($11.51/lb)",4.49,ea(,11.51/lb),,
3210,Amy's Pizza w/ Organic Spinach & Tomatoes,Amy's Pizza w/ Organic Spinach & Tomatoes,fro_pizza,frozen,14oz,"		$6.79/ea($7.72/lb)",6.79,ea(,7.72/lb),,
3219,Lean Cuisine Margherita Pizza,Lean Cuisine Margherita Pizza,fro_pizza,frozen,6oz,"		$3.99/ea($10.50/lb)",3.99,ea(,10.50/lb),,
3220,McCain Ellio's Cheese Pizza,McCain Ellio's Cheese Pizza,fro_pizza,frozen,24oz,"		$3.99/ea($2.66/lb)",3.99,ea(,2.66/lb),,
3221,"Roberta's Wood Fired Pizza, Margherita","Roberta's Wood Fired Pizza, Margherita",fro_pizza,frozen,9.5oz,"		$10.99/ea($18.63/lb)",10.99,ea(,18.63/lb),,
3222,"Against The Grain 12-Inch Gluten Free Pizza, 3-Cheese","Against The Grain 12-Inch Gluten Free Pizza, 3-Cheese",fro_pizza,frozen,24oz,"		$11.99/ea($7.99/lb)",11.99,ea(,7.99/lb),,
3223,"Amy's 4 Cheese Pizza (Fontina, Provolone, Parmesan & Mozzarella)","Amy's 4 Cheese Pizza (Fontina, Provolone, Parmesan & Mozzarella)",fro_pizza,frozen,12oz,"		$6.49/ea($8.65/lb)",6.49,ea(,8.65/lb),,
3224,Amy's Cheese & Pesto Pizza w/ Whole Wheat Crust,Amy's Cheese & Pesto Pizza w/ Whole Wheat Crust,fro_pizza,frozen,14oz,"		$6.79/ea($7.72/lb)",6.79,ea(,7.72/lb),,
3225,Amy's Mushroom & Olive Pizza w/ Organic Flour & Tomatoes,Amy's Mushroom & Olive Pizza w/ Organic Flour & Tomatoes,fro_pizza,frozen,13oz,"		$7.99/ea($9.86/lb)",7.99,ea(,9.86/lb),,
3226,"Amy's Single Serve Pizza, Margherita","Amy's Single Serve Pizza, Margherita",fro_pizza,frozen,6.2oz,"		$4.99/ea($12.79/lb)",4.99,ea(,12.79/lb),,
3227,Amy's Spinach Pizza w/ Rice Crust (Vegan),Amy's Spinach Pizza w/ Rice Crust (Vegan),fro_pizza,frozen,14oz,"		$7.99/ea($9.08/lb)",7.99,ea(,9.08/lb),,
3228,Celeste Pizza For One Cheese Pizza,Celeste Pizza For One Cheese Pizza,fro_pizza,frozen,5.58oz,"		$1.89/ea($5.40/lb)",1.89,ea(,5.40/lb),,
3229,"DiGiorno Rising Crust Pizza, Pepperoni","DiGiorno Rising Crust Pizza, Pepperoni",fro_pizza,frozen,28.3oz,"		$8.49/ea($4.80/lb)",8.49,ea(,4.80/lb),,
3230,Earth's Best Whole Grain Cheese Pizza,Earth's Best Whole Grain Cheese Pizza,fro_pizza,frozen,6.2oz,"		$4.19/ea($10.74/lb)",4.19,ea(,10.74/lb),,
3238,"Just FreshDirect Thin-Crust Sausage & Peppers Pizza, Frozen","Just FreshDirect Thin-Crust Sausage & Peppers Pizza, Frozen",fro_pizza,frozen,"about 12"", 17.4oz","		$6.99/ea($6.41/lb)",6.99,ea(,6.41/lb),,
3239,Lean Cuisine Craveables Deep Dish Spinach & Mushroom Pizza,Lean Cuisine Craveables Deep Dish Spinach & Mushroom Pizza,fro_pizza,frozen,6.25oz,"		$3.99/ea",3.99,ea,,,
3240,"Stouffer's French Bread Pizza, Extra Cheese","Stouffer's French Bread Pizza, Extra Cheese",fro_pizza,frozen,2pc (11.75oz),"		$3.99/ea($5.47/lb)",3.99,ea(,5.47/lb),,
3241,"Against The Grain 12-Inch Gluten Free Pizza, Pesto","Against The Grain 12-Inch Gluten Free Pizza, Pesto",fro_pizza,frozen,24oz,"		$11.99/ea($7.99/lb)",11.99,ea(,7.99/lb),,
3242,"Amy's Roasted Vegetable Pizza, No Cheese","Amy's Roasted Vegetable Pizza, No Cheese",fro_pizza,frozen,12oz,"		$7.99/ea($10.65/lb)",7.99,ea(,10.65/lb),,
3243,Organic Garnet Yams ,Organic Garnet Yams ,root,vegetables,NA,"		$2.49/lb",2.49,lb,,,
3244,"Jewel Yams, Medium","Jewel Yams, Medium",root,vegetables,NA,"		$1.29/lb",1.29,lb,,,
3245,Ginger Root,Ginger Root,root,vegetables,6oz,"		$2.99/eaSave! 2 for $5.00",2.99,eaSave! 2 for ,5,,
3246,"Organic Beets, Bunch","Organic Beets, Bunch",root,vegetables,approx 4ct,"		$2.99/eaAny 2 Organic beets for $5.00Mix'n'Match",2.99,eaAny 2 Organic beets for ,5.00Mix'n'Match,,
3247,Organic Ginger Root,Organic Ginger Root,root,vegetables,6oz,"		$3.99/eaSave! 2 for $7.00",3.99,eaSave! 2 for ,7,,
3248,Sweet Potato Fries,Sweet Potato Fries,root,vegetables,16oz,"		$3.99/ea",3.99,ea,,,
3249,Loose Beets,Loose Beets,root,vegetables,NA,"		$0.99/lb",0.99,lb,,,
3250,"Organic Japanese Sweet Potato, 3lb Bag","Organic Japanese Sweet Potato, 3lb Bag",root,vegetables,NA,"		$6.99/ea",6.99,ea,,,
3251,Parsnips,Parsnips,root,vegetables,NA,"		$1.99/lb",1.99,lb,,,
3252,Sweet Potato Chunks,Sweet Potato Chunks,root,vegetables,24oz,"		$3.99/ea",3.99,ea,,,
3253,Love Beets Cooked Beets,Love Beets Cooked Beets,root,vegetables,8.8oz,"		$2.99/ea",2.99,ea,,,
3255,"Radishes, Bag","Radishes, Bag",root,vegetables,NA,"		$1.99/pkg",1.99,pkg,,,
3256,Jersey Fresh Radishes,Jersey Fresh Radishes,root,vegetables,bunch,"		$1.29/ea",1.29,ea,,,
3257,Celery Root,Celery Root,root,vegetables,NA,"		$2.49/lb",2.49,lb,,,
3258,"Harvest Medley with Butternut Squash, Carrots & Rutabaga Chunks","Harvest Medley with Butternut Squash, Carrots & Rutabaga Chunks",root,vegetables,20oz,"		$3.99/ea",3.99,ea,,,
3259,"Organic Garnet Yams, 3lb Bag","Organic Garnet Yams, 3lb Bag",root,vegetables,NA,"		$5.99/ea",5.99,ea,,,
3260,Organic Turnip,Organic Turnip,root,vegetables,NA,"		$2.99/lb",2.99,lb,,,
3261,Turnip,Turnip,root,vegetables,NA,"		$1.99/lb",1.99,lb,,,
3262,Christopher Ranch Organic Chopped Ginger,Christopher Ranch Organic Chopped Ginger,root,vegetables,4.25oz,"		$2.99/ea",2.99,ea,,,
3264,"Love Beets Sweetfire Baby Beets, Cheddar Cheese & Crackers","Love Beets Sweetfire Baby Beets, Cheddar Cheese & Crackers",root,vegetables,NA,"		$3.49/ea",3.49,ea,,,
3265,Okinawa Sweet Potato,Okinawa Sweet Potato,root,vegetables,NA,"		$5.99/lb",5.99,lb,,,
3266,Organic Daikon,Organic Daikon,root,vegetables,NA,"		$2.99/lb",2.99,lb,,,
3267,Black Dirt Region French Breakfast Radish,Black Dirt Region French Breakfast Radish,root,vegetables,1lb,"		$2.99/ea",2.99,ea,,,
3268,Diced Jicama,Diced Jicama,root,vegetables,8oz,"		$2.99/ea",2.99,ea,,,
3270,Organic Easter Egg Radish,Organic Easter Egg Radish,root,vegetables,bunch,"		$3.99/eaSave! 2 for $7.00",3.99,eaSave! 2 for ,7,,
3271,Taro Root,Taro Root,root,vegetables,NA,"		$1.49/lb",1.49,lb,,,
3272,Rick's Picks Phat Beets,Rick's Picks Phat Beets,root,vegetables,15oz,"		$7.99/ea($8.50/pt)",7.99,ea(,8.50/pt),,
3273,Cascadian Farm Organic Garden Peas,Cascadian Farm Organic Garden Peas,fro_veget,frozen,10oz bag,"		$2.89/ea($4.59/lb)",2.89,ea(,4.59/lb),,
3274,Birds Eye Green Peas,Birds Eye Green Peas,fro_veget,frozen,16oz bag,"		$2.39/ea($2.39/lb)",2.39,ea(,2.39/lb),,
3275,Cascadian Farm Organic Broccoli Florets,Cascadian Farm Organic Broccoli Florets,fro_veget,frozen,10oz,"		$2.89/ea($4.59/lb)",2.89,ea(,4.59/lb),,
3276,Cascadian Farm Organic Sweet Corn,Cascadian Farm Organic Sweet Corn,fro_veget,frozen,10oz bag,"		$2.89/ea($4.59/lb)",2.89,ea(,4.59/lb),,
3277,Birds Eye Chopped Spinach,Birds Eye Chopped Spinach,fro_veget,frozen,10oz box,"		$1.79/ea($2.84/lb)",1.79,ea(,2.84/lb),,
3278,Cascadian Farm Organic Chopped Spinach,Cascadian Farm Organic Chopped Spinach,fro_veget,frozen,10oz box,"		$3.29/ea($5.22/lb)",3.29,ea(,5.22/lb),,
3279,Cascadian Farm Organic Peas and Carrots,Cascadian Farm Organic Peas and Carrots,fro_veget,frozen,10oz bag,"		$2.89/ea($4.59/lb)",2.89,ea(,4.59/lb),,
3280,Birds Eye Broccoli Cuts,Birds Eye Broccoli Cuts,fro_veget,frozen,14.4oz bag,"		$2.39/ea($2.66/lb)",2.39,ea(,2.66/lb),,
3281,Birds Eye Green Peas,Birds Eye Green Peas,fro_veget,frozen,10oz box,"		$1.79/ea($2.84/lb)",1.79,ea(,2.84/lb),,
3282,"Birds Eye Mixed Vegetable Carrots, Peas, Corn & Green Beans","Birds Eye Mixed Vegetable Carrots, Peas, Corn & Green Beans",fro_veget,frozen,10oz box,"		$1.79/ea($2.84/lb)",1.79,ea(,2.84/lb),,
3283,"Birds Eye Steamfresh Fresh Frozen Vegetables Mixtures, Broccoli, Carrots, Sugar Snap Peas & Water Chestnuts","Birds Eye Steamfresh Fresh Frozen Vegetables Mixtures, Broccoli, Carrots, Sugar Snap Peas & Water Chestnuts",fro_veget,frozen,12oz,"		$2.89/ea($3.85/lb)",2.89,ea(,3.85/lb),,
3284,Birds Eye Steamfresh Fresh Frozen Vegetables Super Sweet Corn,Birds Eye Steamfresh Fresh Frozen Vegetables Super Sweet Corn,fro_veget,frozen,12oz,"		$2.39/ea($3.19/lb)",2.39,ea(,3.19/lb),,
3285,"Birds Eye Steamfresh Fresh Frozen Vegetables, Broccoli, Cauliflower & Carrots","Birds Eye Steamfresh Fresh Frozen Vegetables, Broccoli, Cauliflower & Carrots",fro_veget,frozen,12oz,"		$2.89/ea($3.85/lb)",2.89,ea(,3.85/lb),,
3286,"Birds Eye Steamfresh Fresh Frozen Vegetables, Mixed Vegetables","Birds Eye Steamfresh Fresh Frozen Vegetables, Mixed Vegetables",fro_veget,frozen,12oz,"		$2.39/ea($3.19/lb)",2.39,ea(,3.19/lb),,
3287,Birds Eye Sweet Corn,Birds Eye Sweet Corn,fro_veget,frozen,16oz bag,"		$2.39/ea($2.39/lb)",2.39,ea(,2.39/lb),,
3288,Cascadian Farm Organic California Blend,Cascadian Farm Organic California Blend,fro_veget,frozen,10oz bag,"		$2.89/ea($4.59/lb)",2.89,ea(,4.59/lb),,
3289,Cascadian Farm Organic Cut Green Beans,Cascadian Farm Organic Cut Green Beans,fro_veget,frozen,10oz bag,"		$2.89/ea($4.59/lb)",2.89,ea(,4.59/lb),,
3290,Cascadian Farm Organic Edamame Shelled Soy Beans,Cascadian Farm Organic Edamame Shelled Soy Beans,fro_veget,frozen,10oz,"		$2.89/ea($4.59/lb)",2.89,ea(,4.59/lb),,
3291,Cascadian Farm Organic Gardener's Blend,Cascadian Farm Organic Gardener's Blend,fro_veget,frozen,10oz bag,"		$2.89/ea($4.59/lb)",2.89,ea(,4.59/lb),,
3292,Seapoint Farms Edamame Organic Shelled Soybeans,Seapoint Farms Edamame Organic Shelled Soybeans,fro_veget,frozen,12oz,"		$3.19/ea",3.19,ea,,,
3293,Seapoint Farms Edamame Soybeans in Pods,Seapoint Farms Edamame Soybeans in Pods,fro_veget,frozen,14oz,"		$2.99/ea",2.99,ea,,,
3294,Birds Eye Cut Green Beans,Birds Eye Cut Green Beans,fro_veget,frozen,16oz bag,"		$2.39/ea($2.39/lb)",2.39,ea(,2.39/lb),,
3295,Birds Eye Deluxe Artichoke Hearts,Birds Eye Deluxe Artichoke Hearts,fro_veget,frozen,9oz box,"		$4.39/ea($7.84/lb)",4.39,ea(,7.84/lb),,
3296,Birds Eye Deluxe Fordhook Lima Beans,Birds Eye Deluxe Fordhook Lima Beans,fro_veget,frozen,10oz box,"		$2.99/ea($4.75/lb)",2.99,ea(,4.75/lb),,
3297,Birds Eye French Cut Green Beans,Birds Eye French Cut Green Beans,fro_veget,frozen,16oz bag,"		$2.99/ea($2.99/lb)",2.99,ea(,2.99/lb),,
3298,"Birds Eye Steamfresh Fresh Frozen Vegetables Specially Seasoned, Asian Medley","Birds Eye Steamfresh Fresh Frozen Vegetables Specially Seasoned, Asian Medley",fro_veget,frozen,12oz,"		$2.89/ea($3.85/lb)",2.89,ea(,3.85/lb),,
3299,"Birds Eye Steamfresh Fresh Frozen Vegetables Specially Seasoned, Garlic Cauliflower","Birds Eye Steamfresh Fresh Frozen Vegetables Specially Seasoned, Garlic Cauliflower",fro_veget,frozen,12oz,"		$2.89/ea($3.85/lb)",2.89,ea(,3.85/lb),,
3300,Birds Eye Steamfresh Microwaveable Singles Sweet Peas,Birds Eye Steamfresh Microwaveable Singles Sweet Peas,fro_veget,frozen,"13oz bag, 4 3.25oz pks","		$3.49/ea($4.31/lb)",3.49,ea(,4.31/lb),,
3301,Birds Eye Whole Leaf Spinach,Birds Eye Whole Leaf Spinach,fro_veget,frozen,10oz box,"		$1.79/ea($2.84/lb)",1.79,ea(,2.84/lb),,
3302,Cascadian Farm Organic Broccoli Cuts,Cascadian Farm Organic Broccoli Cuts,fro_veget,frozen,10oz bag,"		$3.29/ea",3.29,ea,,,
3303,Cascadian Farm Organic Broccoli Florets,Cascadian Farm Organic Broccoli Florets,fro_veget,frozen,7oz,"		$3.29/ea",3.29,ea,,,
3304,Cascadian Farm Organic Chinese Stir-Fry,Cascadian Farm Organic Chinese Stir-Fry,fro_veget,frozen,10oz bag,"		$2.89/ea($4.59/lb)",2.89,ea(,4.59/lb),,
3305,Cascadian Farm Organic Edamame Soybeans In Pods,Cascadian Farm Organic Edamame Soybeans In Pods,fro_veget,frozen,10oz,"		$2.89/ea($4.59/lb)",2.89,ea(,4.59/lb),,
3306,Cascadian Farm Organic Petite Whole Green Beans,Cascadian Farm Organic Petite Whole Green Beans,fro_veget,frozen,8oz,"		$3.29/ea($6.58/lb)",3.29,ea(,6.58/lb),,
3307,Cascadian Farm Organic Winter Squash,Cascadian Farm Organic Winter Squash,fro_veget,frozen,10oz box,"		$3.29/ea($5.22/lb)",3.29,ea(,5.22/lb),,
3309,"Hudson Valley Harvest  Summer Squash & Zucchini, Frozen","Hudson Valley Harvest  Summer Squash & Zucchini, Frozen",fro_veget,frozen,10oz,"		$4.69/ea($7.44/lb)",4.69,ea(,7.44/lb),,
3310,"Hudson Valley Harvest  Sweet Corn, Frozen","Hudson Valley Harvest  Sweet Corn, Frozen",fro_veget,frozen,10oz,"		$4.69/ea($7.44/lb)",4.69,ea(,7.44/lb),,
3311,Richfood Brussels Sprouts,Richfood Brussels Sprouts,fro_veget,frozen,16oz.,"		$2.49/ea($2.49/lb)",2.49,ea(,2.49/lb),,
3312,Seabrook Farms Creamed Spinach,Seabrook Farms Creamed Spinach,fro_veget,frozen,9oz box,"		$2.29/ea($4.09/lb)",2.29,ea(,4.09/lb),,
3313,Seapoint Farms Edamame Organic Soybeans in Pods,Seapoint Farms Edamame Organic Soybeans in Pods,fro_veget,frozen,12oz,"		$3.19/ea",3.19,ea,,,
3314,Birds Eye Deluxe Broccoli Florets,Birds Eye Deluxe Broccoli Florets,fro_veget,frozen,10oz box,"		$2.89/ea($4.59/lb)",2.89,ea(,4.59/lb),,
3315,"Birds Eye Steamfresh Fresh Frozen Vegetables Premium Selects, Gold & White Corn","Birds Eye Steamfresh Fresh Frozen Vegetables Premium Selects, Gold & White Corn",fro_veget,frozen,12oz,"		$2.89/ea($3.85/lb)",2.89,ea(,3.85/lb),,
3316,Cascadian Farm Organic Kale,Cascadian Farm Organic Kale,fro_veget,frozen,10oz,"		$2.89/ea($4.59/lb)",2.89,ea(,4.59/lb),,
3317,Daregal Freshly Chopped Frozen Basil,Daregal Freshly Chopped Frozen Basil,fro_veget,frozen,1.76oz,"		$2.99/ea($27.18/lb)",2.99,ea(,27.18/lb),,
3318,Daregal Freshly Chopped Frozen Cilantro,Daregal Freshly Chopped Frozen Cilantro,fro_veget,frozen,1.76oz,"		$2.99/ea($27.18/lb)",2.99,ea(,27.18/lb),,
3319,Daregal Freshly Chopped Frozen Garlic,Daregal Freshly Chopped Frozen Garlic,fro_veget,frozen,2.65oz,"		$2.99/ea($17.59/lb)",2.99,ea(,17.59/lb),,
3320,Daregal Freshly Chopped Frozen Parsley,Daregal Freshly Chopped Frozen Parsley,fro_veget,frozen,1.76oz,"		$2.99/ea($27.18/lb)",2.99,ea(,27.18/lb),,
3321,"Green Giant Valley Fresh Steamers with Sauce, Broccoli & Cheese Sauce","Green Giant Valley Fresh Steamers with Sauce, Broccoli & Cheese Sauce",fro_veget,frozen,12oz,"		$2.99/ea($3.99/lb)",2.99,ea(,3.99/lb),,
3322,"Hudson Valley Harvest  Kale, Frozen","Hudson Valley Harvest  Kale, Frozen",fro_veget,frozen,10oz,"		$4.69/ea($7.44/lb)",4.69,ea(,7.44/lb),,
3323,Seapoint Farms Edamame Ready-to-Eat Salted Soybeans,Seapoint Farms Edamame Ready-to-Eat Salted Soybeans,fro_veget,frozen,14oz,"		$2.99/ea($3.40/lb)",2.99,ea(,3.40/lb),,
3324,Cascadian Farm Organic Swiss Chard,Cascadian Farm Organic Swiss Chard,fro_veget,frozen,10oz,"		$2.89/ea($4.59/lb)",2.89,ea(,4.59/lb),,
3325,"Hudson Valley Harvest  Butternut Squash Puree, Frozen","Hudson Valley Harvest  Butternut Squash Puree, Frozen",fro_veget,frozen,10oz,"		$0.00/null($0.00/lb)",0,null(,0.00/lb),,
3327,Mr. McGregor's Micro Arugula,Mr. McGregor's Micro Arugula,spt,vegetables,2oz,"		$3.99/2oz",3.99,2oz,,,
3328,Organic Alfalfa Sprouts,Organic Alfalfa Sprouts,spt,vegetables,4oz,"		$4.49/ea",4.49,ea,,,
3329,Organic Sprouts Salad,Organic Sprouts Salad,spt,vegetables,8oz,"		$3.99/ea",3.99,ea,,,
3330,Mr. McGregor's Micro Cilantro,Mr. McGregor's Micro Cilantro,spt,vegetables,2oz,"		$0.00/null",0,null,,,
3337,FreshDirect Artichoke Dip,FreshDirect Artichoke Dip,cat_hot_hrsdrvs,catering,Serves 4-6,"		$9.99/16oz($9.99/lb)",9.99,16oz(,9.99/lb),,
3343,FreshDirect Chicken Finger & Mini Spring Roll Combo Platter,FreshDirect Chicken Finger & Mini Spring Roll Combo Platter,cat_hot_hrsdrvs,catering,Serves 10-12,"		$45.99/ea",45.99,ea,,,
3347,"Curried Lentil, Quinoa, Chickpea & Kale Super Salad (Made with Organic Kale)","Curried Lentil, Quinoa, Chickpea & Kale Super Salad (Made with Organic Kale)",deli_salad_all,deli,5oz,"		$3.99/ea($12.87/lb)",3.99,ea(,12.87/lb),,
3349,Broccoli Oh!-Mega Crunch,Broccoli Oh!-Mega Crunch,deli_salad_all,deli,5oz,"		$3.99/ea($12.87/lb)",3.99,ea(,12.87/lb),,
3350,Chicken Salad (Raised without Antibiotics),Chicken Salad (Raised without Antibiotics),deli_salad_all,deli,16oz,"		$8.99/eaAny 2 Classic Deli Salads for $15.00($8.99/lb)Mix'n'Match",8.99,eaAny 2 Classic Deli Salads for ,15.00(8.99/lb)Mix'n'Match,8.99/lb)Mix'n'Match,
3351,FreshDirect Oven-Ready Ciabatta Sandwich Rolls,FreshDirect Oven-Ready Ciabatta Sandwich Rolls,deli_salad_all,deli,6 pack (21oz),"		$3.99/6pk($0.66/ct)",3.99,6pk(,0.66/ct),,
3352,Chicken Salad w/ Feta & Artichokes (Chicken Raised w/o Antibiotics) ,Chicken Salad w/ Feta & Artichokes (Chicken Raised w/o Antibiotics) ,deli_salad_all,deli,5oz,"		$3.29/eaAny 2 Grab-n-Gos for $6.00($10.61/lb)Mix'n'Match",3.29,eaAny 2 Grab-n-Gos for ,6.00(10.61/lb)Mix'n'Match,10.61/lb)Mix'n'Match,
3353,Curried Chicken Salad (Raised without Antibiotics),Curried Chicken Salad (Raised without Antibiotics),deli_salad_all,deli,5oz,"		$3.99/eaAny 2 Grab-n-Gos for $6.00($12.87/lb)Mix'n'Match",3.99,eaAny 2 Grab-n-Gos for ,6.00(12.87/lb)Mix'n'Match,12.87/lb)Mix'n'Match,
3354,Egg Salad,Egg Salad,deli_salad_all,deli,16oz,"		$6.49/ea($6.49/lb)",6.49,ea(,6.49/lb),,
3355,Egg Salad,Egg Salad,deli_salad_all,deli,5oz,"		$3.29/eaAny 2 Grab-n-Gos for $6.00($10.61/lb)Mix'n'Match",3.29,eaAny 2 Grab-n-Gos for ,6.00(10.61/lb)Mix'n'Match,10.61/lb)Mix'n'Match,
3357,FreshDirect Pesto Pasta Salad,FreshDirect Pesto Pasta Salad,deli_salad_all,deli,13oz,"		$4.99/ea($6.16/lb)",4.99,ea(,6.16/lb),,
3358,Low-Sodium Pole-Caught Tuna & Chickpea Salad with Organic Chickpeas,Low-Sodium Pole-Caught Tuna & Chickpea Salad with Organic Chickpeas,deli_salad_all,deli,5oz,"		$3.29/ea($10.61/lb)",3.29,ea(,10.61/lb),,
3359,Mediterranean Tuna Salad,Mediterranean Tuna Salad,deli_salad_all,deli,5oz,"		$3.29/eaAny 2 Grab-n-Gos for $6.00($10.61/lb)Mix'n'Match",3.29,eaAny 2 Grab-n-Gos for ,6.00(10.61/lb)Mix'n'Match,10.61/lb)Mix'n'Match,
3360,Quinoa & Seaweed Super Salad,Quinoa & Seaweed Super Salad,deli_salad_all,deli,5oz,"		$3.99/ea($12.87/lb)",3.99,ea(,12.87/lb),,
3361,Tabouli with Quinoa,Tabouli with Quinoa,deli_salad_all,deli,5oz,"		$3.99/ea($12.87/lb)",3.99,ea(,12.87/lb),,
3362,Tuna Salad,Tuna Salad,deli_salad_all,deli,5oz,"		$3.69/eaAny 2 Grab-n-Gos for $6.00($11.90/lb)Mix'n'Match",3.69,eaAny 2 Grab-n-Gos for ,6.00(11.90/lb)Mix'n'Match,11.90/lb)Mix'n'Match,
3363,Tuna Salad,Tuna Salad,deli_salad_all,deli,16oz,"		$8.99/eaAny 2 Classic Deli Salads for $15.00($8.99/lb)Mix'n'Match",8.99,eaAny 2 Classic Deli Salads for ,15.00(8.99/lb)Mix'n'Match,8.99/lb)Mix'n'Match,
3365,Antioxidant Super Slaw,Antioxidant Super Slaw,deli_salad_all,deli,5oz,"		$3.99/ea($12.87/lb)",3.99,ea(,12.87/lb),,
3366,Chicken Salad (Raised without Antibiotics),Chicken Salad (Raised without Antibiotics),deli_salad_all,deli,5oz,"		$3.99/eaAny 2 Grab-n-Gos for $6.00($12.87/lb)Mix'n'Match",3.99,eaAny 2 Grab-n-Gos for ,6.00(12.87/lb)Mix'n'Match,12.87/lb)Mix'n'Match,
3367,Chicken Salad w/ Feta & Artichokes (Chicken Raised w/o Antibiotics),Chicken Salad w/ Feta & Artichokes (Chicken Raised w/o Antibiotics),deli_salad_all,deli,15oz,"		$8.99/eaAny 2 Classic Deli Salads for $15.00($9.56/lb)Mix'n'Match",8.99,eaAny 2 Classic Deli Salads for ,15.00(9.56/lb)Mix'n'Match,9.56/lb)Mix'n'Match,
3368,Coleslaw with Whole Grain Mustard Dressing,Coleslaw with Whole Grain Mustard Dressing,deli_salad_all,deli,14oz,"		$4.99/ea($5.67/lb)",4.99,ea(,5.67/lb),,
3369,Deli-Style Red Bliss Potato Salad,Deli-Style Red Bliss Potato Salad,deli_salad_all,deli,15oz,"		$4.99/ea($5.31/lb)",4.99,ea(,5.31/lb),,
3370,Five-Spiced Tofu & Raw Vegetable Salad,Five-Spiced Tofu & Raw Vegetable Salad,deli_salad_all,deli,5oz,"		$3.49/eaAny 2 Grab-n-Gos for $6.00($11.26/lb)Mix'n'Match",3.49,eaAny 2 Grab-n-Gos for ,6.00(11.26/lb)Mix'n'Match,11.26/lb)Mix'n'Match,
3371,FreshDirect Macaroni Salad,FreshDirect Macaroni Salad,deli_salad_all,deli,15oz,"		$3.99/ea($4.24/lb)",3.99,ea(,4.24/lb),,
3372,Kale & Mixed Grain Super Salad,Kale & Mixed Grain Super Salad,deli_salad_all,deli,5oz,"		$3.29/ea($10.61/lb)",3.29,ea(,10.61/lb),,
3373,Loaded Potato Salad,Loaded Potato Salad,deli_salad_all,deli,16oz,"		$6.49/ea($6.49/lb)",6.49,ea(,6.49/lb),,
3374,Mediterranean Pasta Salad w/ Tomatoes & Feta,Mediterranean Pasta Salad w/ Tomatoes & Feta,deli_salad_all,deli,16oz,"		$6.99/ea($6.99/lb)",6.99,ea(,6.99/lb),,
3375,Mediterranean Tuna Salad,Mediterranean Tuna Salad,deli_salad_all,deli,16oz,"		$8.99/eaAny 2 Classic Deli Salads for $15.00($8.99/lb)Mix'n'Match",8.99,eaAny 2 Classic Deli Salads for ,15.00(8.99/lb)Mix'n'Match,8.99/lb)Mix'n'Match,
3376,Roasted Beet Salad,Roasted Beet Salad,deli_salad_all,deli,16oz,"		$6.99/ea($6.99/lb)",6.99,ea(,6.99/lb),,
3377,Spelt Udon & Edamame,Spelt Udon & Edamame,deli_salad_all,deli,5oz,"		$3.29/ea($10.61/lb)",3.29,ea(,10.61/lb),,
3378,Triple-Berry Pomegranate Bowl,Triple-Berry Pomegranate Bowl,deli_salad_all,deli,5oz,"		$4.99/ea($16.10/lb)",4.99,ea(,16.10/lb),,
3379,Turkey Salad with Cranberries & Walnuts,Turkey Salad with Cranberries & Walnuts,deli_salad_all,deli,5oz,"		$3.29/eaAny 2 Grab-n-Gos for $6.00($10.61/lb)Mix'n'Match",3.29,eaAny 2 Grab-n-Gos for ,6.00(10.61/lb)Mix'n'Match,10.61/lb)Mix'n'Match,
3380,Turkey Salad with Cranberries & Walnuts,Turkey Salad with Cranberries & Walnuts,deli_salad_all,deli,15oz,"		$8.99/eaAny 2 Classic Deli Salads for $15.00($9.56/lb)Mix'n'Match",8.99,eaAny 2 Classic Deli Salads for ,15.00(9.56/lb)Mix'n'Match,9.56/lb)Mix'n'Match,
3381,FreshDirect Oven-Ready Traditional European Bread,FreshDirect Oven-Ready Traditional European Bread,deli_salad_all,deli,15oz,"		$2.99/ea($3.18/lb)",2.99,ea(,3.18/lb),,
3382,Coleslaw with Whole Grain Mustard Dressing,Coleslaw with Whole Grain Mustard Dressing,deli_salad_all,deli,5oz,"		$3.29/eaAny 2 Grab-n-Gos for $6.00($10.61/lb)Mix'n'Match",3.29,eaAny 2 Grab-n-Gos for ,6.00(10.61/lb)Mix'n'Match,10.61/lb)Mix'n'Match,
3383,"Curried Lentil, Quinoa, Chickpea & Kale Super Salad (Made with Organic Kale)","Curried Lentil, Quinoa, Chickpea & Kale Super Salad (Made with Organic Kale)",deli_salad_all,deli,14oz,"		$6.99/ea($7.94/lb)",6.99,ea(,7.94/lb),,
3384,Deli-Style Red Bliss Potato Salad,Deli-Style Red Bliss Potato Salad,deli_salad_all,deli,5oz,"		$3.69/eaAny 2 Grab-n-Gos for $6.00($11.90/lb)Mix'n'Match",3.69,eaAny 2 Grab-n-Gos for ,6.00(11.90/lb)Mix'n'Match,11.90/lb)Mix'n'Match,
3385,Five-Spiced Tofu & Raw Vegetable Salad,Five-Spiced Tofu & Raw Vegetable Salad,deli_salad_all,deli,13.5oz,"		$6.49/ea($7.73/lb)",6.49,ea(,7.73/lb),,
3386,FreshDirect Pesto Pasta Salad Bowl,FreshDirect Pesto Pasta Salad Bowl,deli_salad_all,deli,3lbs (Serves 10-12),"		$16.00/ea",16,ea,,,
3387,Low-Sodium Pole-Caught Tuna & Chickpea Salad with Organic Chickpeas,Low-Sodium Pole-Caught Tuna & Chickpea Salad with Organic Chickpeas,deli_salad_all,deli,16oz,"		$8.99/eaAny 2 Classic Deli Salads for $15.00($8.99/lb)Mix'n'Match",8.99,eaAny 2 Classic Deli Salads for ,15.00(8.99/lb)Mix'n'Match,8.99/lb)Mix'n'Match,
3388,New England-Style Shrimp Salad,New England-Style Shrimp Salad,deli_salad_all,deli,15oz,"		$9.99/ea($10.63/lb)",9.99,ea(,10.63/lb),,
3389,"Rice Pasta, Kale & Power ""Pesto"" Super Salad","Rice Pasta, Kale & Power ""Pesto"" Super Salad",deli_salad_all,deli,5oz,"		$3.29/ea($10.61/lb)",3.29,ea(,10.61/lb),,
3390,Tabouli with Quinoa,Tabouli with Quinoa,deli_salad_all,deli,15oz,"		$6.49/ea($6.90/lb)",6.49,ea(,6.90/lb),,
3391,Chicken Salad Bowl,Chicken Salad Bowl,deli_salad_all,deli,3 lbs (Serves 10-12),"		$25.00/ea",25,ea,,,
3392,Creamy Tuna Salad Bowl,Creamy Tuna Salad Bowl,deli_salad_all,deli,3 lbs (serves 10-12),"		$25.00/ea",25,ea,,,
3393,Curried Chicken Salad Bowl,Curried Chicken Salad Bowl,deli_salad_all,deli,3lb,"		$27.00/ea",27,ea,,,
3394,Egg Salad Bowl,Egg Salad Bowl,deli_salad_all,deli,3lbs (serves 10-12),"		$19.00/ea",19,ea,,,
3395,FreshDirect Creamy Coleslaw Bowl,FreshDirect Creamy Coleslaw Bowl,deli_salad_all,deli,3lbs (serves 10-12),"		$10.00/ea",10,ea,,,
3396,FreshDirect Macaroni Salad Bowl,FreshDirect Macaroni Salad Bowl,deli_salad_all,deli,3lbs (Serves 10-12),"		$15.00/ea",15,ea,,,
3397,Loaded Potato Salad Bowl,Loaded Potato Salad Bowl,deli_salad_all,deli,3lb,"		$19.00/ea",19,ea,,,
3398,Red Bliss Potato Salad Bowl,Red Bliss Potato Salad Bowl,deli_salad_all,deli,3lbs (serves 10-12),"		$13.00/ea",13,ea,,,
3399,Turkey Salad with Cranberries & Walnuts Bowl,Turkey Salad with Cranberries & Walnuts Bowl,deli_salad_all,deli,3lb,"		$25.00/ea",25,ea,,,
3400,The Squeeze Kale Quinoa Salad,The Squeeze Kale Quinoa Salad,deli_salad_all,deli,4oz,"		$6.99/ea($27.96/lb)",6.99,ea(,27.96/lb),,
3401,The Squeeze Quinoa Primavera,The Squeeze Quinoa Primavera,deli_salad_all,deli,7oz,"		$6.99/ea($15.98/lb)",6.99,ea(,15.98/lb),,
3402,FreshDirect Broccoli & Cheddar Quiche,FreshDirect Broccoli & Cheddar Quiche,deli_quiche,deli,"9"", 1.6lb","		$10.99/ea($6.28/lb)",10.99,ea(,6.28/lb),,
3403,FreshDirect Chicken Pot Pie,FreshDirect Chicken Pot Pie,deli_quiche,deli,"(6"", 16oz)","		$8.99/ea($8.99/ct)",8.99,ea(,8.99/ct),,
3404,Pika's Farm Table Hudson Valley Kale & Mushroom Quiche,Pika's Farm Table Hudson Valley Kale & Mushroom Quiche,deli_quiche,deli,"9"", 22oz","		$14.99/ea($14.99/ct)",14.99,ea(,14.99/ct),,
3405,The Savory Pie Guy Grass-Fed Beef Savory Pie,The Savory Pie Guy Grass-Fed Beef Savory Pie,deli_quiche,deli,8oz,"		$6.99/ea($13.98/lb)",6.99,ea(,13.98/lb),,
3406,Pika's Farm Table Hudson Valley Roasted Pumpkin & Pesto Quiche,Pika's Farm Table Hudson Valley Roasted Pumpkin & Pesto Quiche,deli_quiche,deli,"9"", 22oz","		$14.99/ea($14.99/ct)",14.99,ea(,14.99/ct),,
3407,The Savory Pie Guy Indian Vegetable Curry Savory Pie,The Savory Pie Guy Indian Vegetable Curry Savory Pie,deli_quiche,deli,8oz,"		$6.99/ea($13.98/lb)",6.99,ea(,13.98/lb),,
3408,Bulgarian Feta,Bulgarian Feta,feta,cheese,500ml,"		$9.99/lb",9.99,lb,,,
3409,Just FreshDirect Imported Red Wine Vinegar,Just FreshDirect Imported Red Wine Vinegar,feta,cheese,500ml,"		$4.99/ea($4.71/pt)",4.99,ea(,4.71/pt),,
3410,Greek Feta,Greek Feta,feta,cheese,500ml,"		$15.49/lb",15.49,lb,,,
3412,French Feta,French Feta,feta,cheese,500ml,"		$13.99/lb",13.99,lb,,,
3416,Asiago Fresco,Asiago Fresco,semisoft,cheese,NA,"		$11.99/lb",11.99,lb,,,
3417,Light Havarti,Light Havarti,semisoft,cheese,NA,"		$12.99/lb",12.99,lb,,,
3418,Port Salut,Port Salut,semisoft,cheese,NA,"		$14.99/lb",14.99,lb,,,
3419,Queso de Murcia,Queso de Murcia,semisoft,cheese,NA,"		$17.99/lb",17.99,lb,,,
3420,Raw-Milk Morbier,Raw-Milk Morbier,semisoft,cheese,NA,"		$13.99/lb",13.99,lb,,,
3422,Toma Piemontese,Toma Piemontese,semisoft,cheese,NA,"		$14.99/lb",14.99,lb,,,
3423,Chaumes,Chaumes,semisoft,cheese,NA,"		$20.99/lb",20.99,lb,,,
3424,Chimay,Chimay,semisoft,cheese,NA,"		$23.99/lb",23.99,lb,,,
3426,Formaggio al Tartufo (Il Forteto),Formaggio al Tartufo (Il Forteto),semisoft,cheese,NA,"		$27.99/lb",27.99,lb,,,
3428,Sainte-Nectaire,Sainte-Nectaire,semisoft,cheese,NA,"		$13.99/lb",13.99,lb,,,
3443,Lipton Kosher Soup Selects Matzo Ball & Soup Mix,Lipton Kosher Soup Selects Matzo Ball & Soup Mix,pan_kosher,shop,4.3oz," 	$0.00/null $2.99($0.00/lb)",0,null ,2.99(0.00/lb),0.00/lb),
3444,FreshDirect Handcrafted Dark Chocolate Mallos,FreshDirect Handcrafted Dark Chocolate Mallos,pan_kosher,shop,5oz (8pcs),"		$6.99/ea($22.55/lb)",6.99,ea(,22.55/lb),,
3445,FreshDirect Handcrafted Toffee Crisp Trio,FreshDirect Handcrafted Toffee Crisp Trio,pan_kosher,shop,1.2oz (3pcs),"		$2.79/ea($34.88/lb)",2.79,ea(,34.88/lb),,
3446,FreshDirect Handcrafted Dark Chocolate Brickle,FreshDirect Handcrafted Dark Chocolate Brickle,pan_kosher,shop,4.5oz,"		$0.00/null($0.00/lb)",0,null(,0.00/lb),,
3447,FreshDirect Handcrafted Dark Chocolate Holy Molé Bar,FreshDirect Handcrafted Dark Chocolate Holy Molé Bar,pan_kosher,shop,2.1oz,"		$0.00/null($0.00/lb)",0,null(,0.00/lb),,
3448,FreshDirect Handcrafted Dark Chocolate Mint Nib Crunch Bar,FreshDirect Handcrafted Dark Chocolate Mint Nib Crunch Bar,pan_kosher,shop,2.1oz,"		$0.00/null($0.00/lb)",0,null(,0.00/lb),,
3449,FreshDirect Handcrafted Dark Chocolate S'mores,FreshDirect Handcrafted Dark Chocolate S'mores,pan_kosher,shop,5oz (8pcs),"		$0.00/null($0.00/lb)",0,null(,0.00/lb),,
3450,FreshDirect Handcrafted Dark Chocolate Sampler,FreshDirect Handcrafted Dark Chocolate Sampler,pan_kosher,shop,7.4oz,"		$0.00/null($0.00/lb)",0,null(,0.00/lb),,
3452,Season Skinless & Boneless Imported Sardines in Pure Olive Oil,Season Skinless & Boneless Imported Sardines in Pure Olive Oil,pan_kosher,shop,4 3/8oz," 	$0.00/null $3.99",0,null ,3.99,,
3453,"KIND Healthy Grains Clusters, Oats and Honey with Toasted Coconut","KIND Healthy Grains Clusters, Oats and Honey with Toasted Coconut",pan_kosher,shop,11oz,"		$6.29/ea($9.12/lb)",6.29,ea(,9.12/lb),,
3454,KIND Vanilla Blueberry Clusters with Flax Seeds,KIND Vanilla Blueberry Clusters with Flax Seeds,pan_kosher,shop,11oz,"		$6.29/ea($9.12/lb)",6.29,ea(,9.12/lb),,
3455,"KIND Healthy Grains Clusters, Peanut Butter Whole Grain","KIND Healthy Grains Clusters, Peanut Butter Whole Grain",pan_kosher,shop,11oz,"		$6.29/ea($9.12/lb)",6.29,ea(,9.12/lb),,
3457,Gold's Dijon Mustard,Gold's Dijon Mustard,pan_kosher,shop,10oz,"		$1.79/ea($2.84/pt)",1.79,ea(,2.84/pt),,
3458,Gold's Honey Mustard,Gold's Honey Mustard,pan_kosher,shop,10oz,"		$2.39/ea($3.79/pt)",2.39,ea(,3.79/pt),,
3460,Gold's Sweet & Sour Duck Sauce,Gold's Sweet & Sour Duck Sauce,pan_kosher,shop,14oz,"		$1.79/ea($2.03/pt)",1.79,ea(,2.03/pt),,
3461,Gold's Deli Mustard,Gold's Deli Mustard,pan_kosher,shop,10oz,"		$1.79/ea($2.84/pt)",1.79,ea(,2.84/pt),,
3467,Gold's Cocktail Sauce,Gold's Cocktail Sauce,pan_kosher,shop,11oz,"		$1.79/ea($2.59/pt)",1.79,ea(,2.59/pt),,
3468,Mina Harissa Spicy Traditional Moroccan Green Pepper Sauce,Mina Harissa Spicy Traditional Moroccan Green Pepper Sauce,pan_kosher,shop,10oz,"		$6.99/ea($11.10/pt)",6.99,ea(,11.10/pt),,
3469,Mina Harissa Spicy Traditional Moroccan Red Pepper Sauce,Mina Harissa Spicy Traditional Moroccan Red Pepper Sauce,pan_kosher,shop,10oz,"		$6.99/ea($11.10/pt)",6.99,ea(,11.10/pt),,
3472,Gefen Table Salt,Gefen Table Salt,pan_kosher,shop,26oz,"		$0.99/ea($0.61/lb)",0.99,ea(,0.61/lb),,
3474,"MacarOn Café French Pastries Variety Pack, Frozen","MacarOn Café French Pastries Variety Pack, Frozen",pan_kosher,shop,"9ct, 8.8oz","		$14.99/ea($27.25/lb)",14.99,ea(,27.25/lb),,
3575,Gefen Mandarin Orange Whole Segments,Gefen Mandarin Orange Whole Segments,pan_kosher,shop,11oz," 	$0.00/null $1.59($0.00/lb)",0,null ,1.59(0.00/lb),0.00/lb),
3582,"KIND Nuts & Spices, Dark Chocolate Nuts & Sea Salt","KIND Nuts & Spices, Dark Chocolate Nuts & Sea Salt",pan_kosher,shop,"12ct, 1.4oz ea","		$19.99/ea($19.04/lb)",19.99,ea(,19.04/lb),,
3583,"KIND PLUS, Peanut Butter Dark Chocolate + Protein","KIND PLUS, Peanut Butter Dark Chocolate + Protein",pan_kosher,shop,"12ct, 1.4oz ea","		$19.99/ea($19.04/lb)",19.99,ea(,19.04/lb),,
3584,"Exo All-Natural Protein Bar Made with Cricket Flour, Cacao Nut","Exo All-Natural Protein Bar Made with Cricket Flour, Cacao Nut",pan_kosher,shop,"12pk, 25.4oz","		$34.99/ea($22.01/lb)",34.99,ea(,22.01/lb),,
3585,"KIND Fruit & Nut, Almond & Coconut","KIND Fruit & Nut, Almond & Coconut",pan_kosher,shop,12ct (1.4oz bars),"		$19.99/ea($19.04/lb)",19.99,ea(,19.04/lb),,
3586,"KIND Fruit & Nut, Fruit & Nut Delight","KIND Fruit & Nut, Fruit & Nut Delight",pan_kosher,shop,"12ct, 1.4oz ea","		$19.99/ea($19.04/lb)",19.99,ea(,19.04/lb),,
3587,"KIND Nuts & Spices, Caramel Almond & Sea Salt","KIND Nuts & Spices, Caramel Almond & Sea Salt",pan_kosher,shop,"12ct, 1.4oz ea","		$21.99/ea($20.94/lb)",21.99,ea(,20.94/lb),,
3588,"KIND PLUS, Dark Chocolate Cherry Cashew + Antioxidants","KIND PLUS, Dark Chocolate Cherry Cashew + Antioxidants",pan_kosher,shop,"12ct, 1.4oz ea","		$19.99/ea($19.04/lb)",19.99,ea(,19.04/lb),,
3589,"KIND PLUS, Pomegranate Blueberry Pistachio + Antioxidants","KIND PLUS, Pomegranate Blueberry Pistachio + Antioxidants",pan_kosher,shop,"12ct, 1.4oz ea","		$19.99/ea($19.04/lb)",19.99,ea(,19.04/lb),,
3591,"KIND Fruit & Nut, Almond & Apricot","KIND Fruit & Nut, Almond & Apricot",pan_kosher,shop,"12ct,1.4oz ea","		$19.99/ea($19.04/lb)",19.99,ea(,19.04/lb),,
3592,"KIND Healthy Grains Bars, Dark Chocolate Chunk Granola","KIND Healthy Grains Bars, Dark Chocolate Chunk Granola",pan_kosher,shop,"5ct, 1.2oz ea","		$4.49/ea($11.82/lb)",4.49,ea(,11.82/lb),,
3593,"KIND Healthy Grains Bars, Peanut Butter Dark Chocolate Granola","KIND Healthy Grains Bars, Peanut Butter Dark Chocolate Granola",pan_kosher,shop,"5ct, 1.2oz ea","		$4.49/ea($11.82/lb)",4.49,ea(,11.82/lb),,
3594,"KIND Nuts & Spices, Dark Chocolate Cinnamon Pecan","KIND Nuts & Spices, Dark Chocolate Cinnamon Pecan",pan_kosher,shop,"12ct, 1.4oz ea","		$19.99/ea($19.04/lb)",19.99,ea(,19.04/lb),,
3595,"KIND Nuts & Spices, Madagascar Vanilla Almond","KIND Nuts & Spices, Madagascar Vanilla Almond",pan_kosher,shop,"12ct, 1.4oz ea","		$19.99/ea($19.04/lb)",19.99,ea(,19.04/lb),,
3596,"KIND Nuts & Spices, Maple Glazed Pecan & Sea Salt","KIND Nuts & Spices, Maple Glazed Pecan & Sea Salt",pan_kosher,shop,"12ct, 1.4oz ea","		$21.99/ea($20.94/lb)",21.99,ea(,20.94/lb),,
3597,"KIND PLUS, Almond Walnut Macadamia + Protein","KIND PLUS, Almond Walnut Macadamia + Protein",pan_kosher,shop,"12ct, 1.4oz ea","		$19.99/ea($19.04/lb)",19.99,ea(,19.04/lb),,
3598,"KIND PLUS, Blueberry Pecan + Fiber Bars","KIND PLUS, Blueberry Pecan + Fiber Bars",pan_kosher,shop,"12ct, 1.4oz ea","		$19.99/ea($19.04/lb)",19.99,ea(,19.04/lb),,
3599,"KIND PLUS, Cranberry Almond + Antioxidants","KIND PLUS, Cranberry Almond + Antioxidants",pan_kosher,shop,"12ct, 1.4oz ea","		$19.99/ea($19.04/lb)",19.99,ea(,19.04/lb),,
3602,Manischewitz Chicken Broth,Manischewitz Chicken Broth,pan_kosher,shop,10.5oz,"		$2.29/ea($3.47/lb)",2.29,ea(,3.47/lb),,
3612,FreshDirect Chicken Stock,FreshDirect Chicken Stock,rtc_helpers,rtc,pint (16 fl oz),"		$3.49/ea($3.49/lb)",3.49,ea(,3.49/lb),,
3613,FreshDirect Veal Stock,FreshDirect Veal Stock,rtc_helpers,rtc,pint (16 fl oz),"		$5.99/ea($5.99/lb)",5.99,ea(,5.99/lb),,
3614,FreshDirect Vegetable Stock,FreshDirect Vegetable Stock,rtc_helpers,rtc,pint (16 fl oz),"		$3.49/eaSave! 3 for $9.00($3.49/lb)",3.49,eaSave! 3 for ,9.00(3.49/lb),3.49/lb),
3615,More Than Gourmet Demi-Glace Gold,More Than Gourmet Demi-Glace Gold,rtc_helpers,rtc,1.5oz,"		$4.59/ea($51.00/lb)",4.59,ea(,51.00/lb),,
3616,More Than Gourmet Glace de Poulet Gold,More Than Gourmet Glace de Poulet Gold,rtc_helpers,rtc,1.5oz,"		$4.59/ea($51.00/lb)",4.59,ea(,51.00/lb),,
3617,More Than Gourmet Veggie Stock Gold,More Than Gourmet Veggie Stock Gold,rtc_helpers,rtc,1.5oz,"		$4.59/ea($51.00/lb)",4.59,ea(,51.00/lb),,
3635,Cal-Organic Organic Shredded Carrots,Cal-Organic Organic Shredded Carrots,rtc_helpers,rtc,10oz,"		$2.99/eaSave! 2 for $5.00",2.99,eaSave! 2 for ,5,,
3636,FreshDirect Peeled Garlic,FreshDirect Peeled Garlic,rtc_helpers,rtc,8oz,"		$3.49/ea",3.49,ea,,,
3637,Organic Diced Onion,Organic Diced Onion,rtc_helpers,rtc,10oz,"		$3.99/ea",3.99,ea,,,
3638,Organic Diced Red Onion,Organic Diced Red Onion,rtc_helpers,rtc,10oz,"		$3.99/ea",3.99,ea,,,
3639,Organic Diced Celery,Organic Diced Celery,rtc_helpers,rtc,10oz,"		$3.99/ea",3.99,ea,,,
3640,Organic Diced Mixed Color Peppers,Organic Diced Mixed Color Peppers,rtc_helpers,rtc,10oz,"		$4.99/ea",4.99,ea,,,
3641,Organic Mirepoix ,Organic Mirepoix ,rtc_helpers,rtc,10oz,"		$3.99/ea",3.99,ea,,,
3643,Organic Sliced Mixed Color Peppers Strips,Organic Sliced Mixed Color Peppers Strips,rtc_helpers,rtc,10oz,"		$4.99/ea",4.99,ea,,,
3644,Christopher Ranch Organic Peeled Garlic,Christopher Ranch Organic Peeled Garlic,rtc_helpers,rtc,6oz,"		$3.49/ea",3.49,ea,,,
3645,Fresh Peeled Shallot,Fresh Peeled Shallot,rtc_helpers,rtc,8oz,"		$3.99/ea",3.99,ea,,,
3646,Organic Diced Carrots,Organic Diced Carrots,rtc_helpers,rtc,10oz,"		$3.99/ea",3.99,ea,,,
3648,Organic Shredded Carrots,Organic Shredded Carrots,rtc_helpers,rtc,8oz,"		$3.99/ea",3.99,ea,,,
3649,Christopher Ranch Minced Garlic in Water,Christopher Ranch Minced Garlic in Water,rtc_helpers,rtc,4.25oz,"		$2.49/ea",2.49,ea,,,
3650,Christopher Ranch Organic Chopped Garlic,Christopher Ranch Organic Chopped Garlic,rtc_helpers,rtc,4.25oz,"		$2.99/ea",2.99,ea,,,
3652,Christopher Ranch Peeled Garlic,Christopher Ranch Peeled Garlic,rtc_helpers,rtc,6oz,"		$2.99/ea",2.99,ea,,,
3653,Christopher Ranch Garlic & Ginger Stir-Fry Paste,Christopher Ranch Garlic & Ginger Stir-Fry Paste,rtc_helpers,rtc,4.25oz,"		$2.49/ea",2.49,ea,,,
3656,Fresh Peeled Cipollini Onions,Fresh Peeled Cipollini Onions,rtc_helpers,rtc,8oz,"		$3.99/ea",3.99,ea,,,
3657,Fresh Peeled Red Pearl Onions,Fresh Peeled Red Pearl Onions,rtc_helpers,rtc,8oz,"		$3.99/ea",3.99,ea,,,
3658,Fresh Peeled White Pearl Onions,Fresh Peeled White Pearl Onions,rtc_helpers,rtc,8oz,"		$3.99/ea",3.99,ea,,,
3659,"Freshpet Select Roasted Refrigerated Meals for Dogs, Chicken with Carrots & Spinach Recipe","Freshpet Select Roasted Refrigerated Meals for Dogs, Chicken with Carrots & Spinach Recipe",pet_all_natural,shop,1.75lb," 	$6.79/ea $8.49Save 20%($3.88/lb)",6.79,ea ,8.49Save 20%(3.88/lb),3.88/lb),
3660,"Newman's Own Organics Wet Cat Food, Chicken & Salmon Formula","Newman's Own Organics Wet Cat Food, Chicken & Salmon Formula",pet_all_natural,shop,3oz,"		$1.59/ea($8.37/lb)",1.59,ea(,8.37/lb),,
3661,"Wellness Natural Wet Cat Food, Turkey & Salmon Formula","Wellness Natural Wet Cat Food, Turkey & Salmon Formula",pet_all_natural,shop,5.5oz can," 	$1.79/ea $1.99Save 10%($5.26/lb)",1.79,ea ,1.99Save 10%(5.26/lb),5.26/lb),
3662,"Almo Nature Green Label Adult Cat Food, Chicken Breast","Almo Nature Green Label Adult Cat Food, Chicken Breast",pet_all_natural,shop,1.94oz,"		$1.35/ea($11.25/lb)",1.35,ea(,11.25/lb),,
3663,"Almo Nature Green Label Adult Cat Food, Chicken Drumstick","Almo Nature Green Label Adult Cat Food, Chicken Drumstick",pet_all_natural,shop,1.94oz,"		$1.35/ea($11.25/lb)",1.35,ea(,11.25/lb),,
3664,"Almo Nature Green Label Adult Cat Food, Skipjack Tuna","Almo Nature Green Label Adult Cat Food, Skipjack Tuna",pet_all_natural,shop,1.94oz,"		$1.35/ea($11.25/lb)",1.35,ea(,11.25/lb),,
3665,"Almo Nature Legend Adult Cat Food, Atlantic Tuna","Almo Nature Legend Adult Cat Food, Atlantic Tuna",pet_all_natural,shop,2.47oz,"		$1.59/ea($10.60/lb)",1.59,ea(,10.60/lb),,
3666,"Almo Nature Legend Adult Cat Food, Chicken Breast","Almo Nature Legend Adult Cat Food, Chicken Breast",pet_all_natural,shop,2.47oz,"		$1.59/ea($10.60/lb)",1.59,ea(,10.60/lb),,
3667,"Almo Nature Legend Adult Cat Food, Chicken Drumstick","Almo Nature Legend Adult Cat Food, Chicken Drumstick",pet_all_natural,shop,2.47oz,"		$1.59/ea($10.60/lb)",1.59,ea(,10.60/lb),,
3668,"Almo Nature Legend Adult Cat Food, Chicken With Pumpkin","Almo Nature Legend Adult Cat Food, Chicken With Pumpkin",pet_all_natural,shop,2.47oz,"		$1.59/ea($10.60/lb)",1.59,ea(,10.60/lb),,
3669,"Canidae All Life Stage Wet Dog Food, Lamb & Rice Formula","Canidae All Life Stage Wet Dog Food, Lamb & Rice Formula",pet_all_natural,shop,13oz can,"		$2.49/ea($3.07/lb)",2.49,ea(,3.07/lb),,
3670,"Dogswell Happy Hips Dry Dog Food, Chicken & Oats Recipe","Dogswell Happy Hips Dry Dog Food, Chicken & Oats Recipe",pet_all_natural,shop,4lb bag,"		$11.99/ea($3.00/lb)",11.99,ea(,3.00/lb),,
3671,"Dogswell Vitality Wet Dog Food, Chicken & Sweet Potato Recipe","Dogswell Vitality Wet Dog Food, Chicken & Sweet Potato Recipe",pet_all_natural,shop,13oz can,"		$2.49/ea($3.07/lb)",2.49,ea(,3.07/lb),,
3672,"Dogswell Vitality Wet Dog Food, Lamb & Sweet Potato Recipe","Dogswell Vitality Wet Dog Food, Lamb & Sweet Potato Recipe",pet_all_natural,shop,13oz can,"		$2.49/ea($3.07/lb)",2.49,ea(,3.07/lb),,
3673,"Freshpet Select Fresh From The Kitchen Refrigerated Meals For Dogs, Home Cooked Chicken Recipe","Freshpet Select Fresh From The Kitchen Refrigerated Meals For Dogs, Home Cooked Chicken Recipe",pet_all_natural,shop,1.75lbs," 	$6.39/ea $7.99Save 20%",6.39,ea ,7.99Save 20%,,
3674,"Freshpet Select Roasted Refrigerated Meals for Cats, Chicken with Carrots & Spinach Recipe","Freshpet Select Roasted Refrigerated Meals for Cats, Chicken with Carrots & Spinach Recipe",pet_all_natural,shop,1lb," 	$4.31/ea $5.39Save 20%($4.31/lb)",4.31,ea ,5.39Save 20%(4.31/lb),4.31/lb),
3675,"Freshpet Select Slice & Serve Refrigerated  Dog Food, Grain Free, Tender Chicken Recipe with Spinach & Potato","Freshpet Select Slice & Serve Refrigerated  Dog Food, Grain Free, Tender Chicken Recipe with Spinach & Potato",pet_all_natural,shop,1.5lbs," 	$5.19/ea $6.49Save 20%($3.46/lb)",5.19,ea ,6.49Save 20%(3.46/lb),3.46/lb),
3676,"Freshpet Select Slice & Serve Refrigerated Cat Food, Chicken & Beef Recipe","Freshpet Select Slice & Serve Refrigerated Cat Food, Chicken & Beef Recipe",pet_all_natural,shop,1lb," 	$3.19/ea $3.99Save 20%($3.19/lb)",3.19,ea ,3.99Save 20%(3.19/lb),3.19/lb),
3677,"Halo Spot's Choice Wet Cat Food, Shredded Turkey Recipe","Halo Spot's Choice Wet Cat Food, Shredded Turkey Recipe",pet_all_natural,shop,5.5oz can,"		$2.19/ea($6.44/lb)",2.19,ea(,6.44/lb),,
3678,"Halo Spot's Pâté Wet Cat Food, Ground Chicken Recipe","Halo Spot's Pâté Wet Cat Food, Ground Chicken Recipe",pet_all_natural,shop,5.5oz can,"		$1.99/ea($5.85/lb)",1.99,ea(,5.85/lb),,
3679,"Halo Spot's Pâté Wet Cat Food, Ground Whitefish Recipe","Halo Spot's Pâté Wet Cat Food, Ground Whitefish Recipe",pet_all_natural,shop,5.5oz can,"		$1.99/ea($5.85/lb)",1.99,ea(,5.85/lb),,
3680,"Halo Spot's Stew Adult Formula Dry Dog Food, Wholesome Chicken Recipe","Halo Spot's Stew Adult Formula Dry Dog Food, Wholesome Chicken Recipe",pet_all_natural,shop,4lb bag,"		$15.99/ea($4.00/lb)",15.99,ea(,4.00/lb),,
3681,"Halo Spot's Stew Adult Formula Dry Dog Food, Wholesome Chicken Recipe","Halo Spot's Stew Adult Formula Dry Dog Food, Wholesome Chicken Recipe",pet_all_natural,shop,15lb bag,"		$39.99/ea($2.67/lb)",39.99,ea(,2.67/lb),,
3682,"Halo Spot's Stew Adult Formula Dry Dog Food, Wholesome Lamb Recipe","Halo Spot's Stew Adult Formula Dry Dog Food, Wholesome Lamb Recipe",pet_all_natural,shop,4lb bag,"		$15.99/ea($4.00/lb)",15.99,ea(,4.00/lb),,
3683,"Halo Spot's Stew Adult Formula Dry Dog Food, Wild Salmon Recipe","Halo Spot's Stew Adult Formula Dry Dog Food, Wild Salmon Recipe",pet_all_natural,shop,4lb bag,"		$15.99/ea($4.00/lb)",15.99,ea(,4.00/lb),,
3684,"Halo Spot's Stew Adult Formula Dry Dog Food, Wild Salmon Recipe","Halo Spot's Stew Adult Formula Dry Dog Food, Wild Salmon Recipe",pet_all_natural,shop,15lb bag,"		$39.99/ea($2.67/lb)",39.99,ea(,2.67/lb),,
3685,"Halo Spot's Stew Grain-Free Formula Dry Cat Food, Hearty Chicken Recipe","Halo Spot's Stew Grain-Free Formula Dry Cat Food, Hearty Chicken Recipe",pet_all_natural,shop,6lb bag,"		$24.99/ea($4.16/lb)",24.99,ea(,4.16/lb),,
3686,"Halo Spot's Stew Grain-Free Formula Dry Dog Food, Hearty Surf 'n' Turf Recipe","Halo Spot's Stew Grain-Free Formula Dry Dog Food, Hearty Surf 'n' Turf Recipe",pet_all_natural,shop,4lb bag,"		$17.99/ea($4.50/lb)",17.99,ea(,4.50/lb),,
3687,"Halo Spot's Stew Healthy Weight Grain-Free Formula Dry Cat Food, Whitefish & Salmon Recipe","Halo Spot's Stew Healthy Weight Grain-Free Formula Dry Cat Food, Whitefish & Salmon Recipe",pet_all_natural,shop,6lb bag,"		$24.99/ea($4.16/lb)",24.99,ea(,4.16/lb),,
3688,"Halo Spot's Stew Healthy Weight Grain-Free Formula Dry Dog Food, Turkey & Duck Recipe","Halo Spot's Stew Healthy Weight Grain-Free Formula Dry Dog Food, Turkey & Duck Recipe",pet_all_natural,shop,4lb bag,"		$17.99/ea($4.50/lb)",17.99,ea(,4.50/lb),,
3689,"Halo Spot's Stew Healthy Weight Grain-Free Formula Dry Dog Food, Turkey & Duck Recipe","Halo Spot's Stew Healthy Weight Grain-Free Formula Dry Dog Food, Turkey & Duck Recipe",pet_all_natural,shop,14lb bag,"		$39.99/ea($2.86/lb)",39.99,ea(,2.86/lb),,
3690,"Halo Spot's Stew Indoor Cat Formula Dry Cat Food, Wholesome Chicken Recipe","Halo Spot's Stew Indoor Cat Formula Dry Cat Food, Wholesome Chicken Recipe",pet_all_natural,shop,6lb bag,"		$24.99/ea($65.76/lb)",24.99,ea(,65.76/lb),,
3691,"Halo Spot's Stew Indoor Cat Formula Dry Cat Food, Wild Salmon Recipe","Halo Spot's Stew Indoor Cat Formula Dry Cat Food, Wild Salmon Recipe",pet_all_natural,shop,6lb bag,"		$24.99/ea($4.16/lb)",24.99,ea(,4.16/lb),,
3692,"Halo Spot's Stew Sensitive Formula Dry Cat Food, Seafood Medley Recipe","Halo Spot's Stew Sensitive Formula Dry Cat Food, Seafood Medley Recipe",pet_all_natural,shop,6lb bag,"		$24.99/ea($4.16/lb)",24.99,ea(,4.16/lb),,
3693,"Halo Spot's Stew Sensitive Formula Dry Cat Food, Wholesome Turkey Recipe","Halo Spot's Stew Sensitive Formula Dry Cat Food, Wholesome Turkey Recipe",pet_all_natural,shop,6lb bag,"		$24.99/ea($4.16/lb)",24.99,ea(,4.16/lb),,
3694,"Halo Spot's Stew Toy & Small Breed Dry Dog Food - Turkey, Duck & Pheasant Recipe","Halo Spot's Stew Toy & Small Breed Dry Dog Food - Turkey, Duck & Pheasant Recipe",pet_all_natural,shop,4lb bag,"		$17.99/ea($4.50/lb)",17.99,ea(,4.50/lb),,
3695,"Halo Spot's Stew Toy & Small Breed Dry Dog Food - Turkey, Duck & Pheasant Recipe","Halo Spot's Stew Toy & Small Breed Dry Dog Food - Turkey, Duck & Pheasant Recipe",pet_all_natural,shop,10lb bag,"		$34.99/ea($3.50/lb)",34.99,ea(,3.50/lb),,
3696,"Halo Spot's Stew Toy & Small Breed Dry Dog Food, Wholesome Chicken Recipe","Halo Spot's Stew Toy & Small Breed Dry Dog Food, Wholesome Chicken Recipe",pet_all_natural,shop,4lb bag,"		$17.99/ea($4.50/lb)",17.99,ea(,4.50/lb),,
3697,"Halo Spot's Stew Toy & Small Breed Dry Dog Food, Wholesome Chicken Recipe","Halo Spot's Stew Toy & Small Breed Dry Dog Food, Wholesome Chicken Recipe",pet_all_natural,shop,10lb bag,"		$36.99/ea($3.70/lb)",36.99,ea(,3.70/lb),,
3698,"Halo Spot's Stew Wet Cat Food - Chicken, Shrimp & Crab Recipe","Halo Spot's Stew Wet Cat Food - Chicken, Shrimp & Crab Recipe",pet_all_natural,shop,5.5oz can,"		$1.99/ea($5.85/lb)",1.99,ea(,5.85/lb),,
3699,"Halo Spot's Stew Wet Cat Food, Succulent Salmon Recipe","Halo Spot's Stew Wet Cat Food, Succulent Salmon Recipe",pet_all_natural,shop,5.5oz can,"		$1.99/ea($5.85/lb)",1.99,ea(,5.85/lb),,
3700,"Halo Spot's Stew Wet Cat Food, Wholesome Chicken & Beef Recipe","Halo Spot's Stew Wet Cat Food, Wholesome Chicken & Beef Recipe",pet_all_natural,shop,5.5oz can,"		$1.99/ea($5.85/lb)",1.99,ea(,5.85/lb),,
3701,"Halo Spot's Stew Wet Cat Food, Wholesome Chicken Recipe","Halo Spot's Stew Wet Cat Food, Wholesome Chicken Recipe",pet_all_natural,shop,5.5oz can,"		$1.99/ea($5.85/lb)",1.99,ea(,5.85/lb),,
3702,"Halo Spot's Stew Wet Cat Food, Wholesome Lamb Recipe","Halo Spot's Stew Wet Cat Food, Wholesome Lamb Recipe",pet_all_natural,shop,5.5oz can,"		$1.99/ea($5.85/lb)",1.99,ea(,5.85/lb),,
3703,"Halo Spot's Stew Wet Cat Food, Wholesome Turkey Recipe","Halo Spot's Stew Wet Cat Food, Wholesome Turkey Recipe",pet_all_natural,shop,5.5oz can,"		$1.99/ea($5.85/lb)",1.99,ea(,5.85/lb),,
3704,"Halo Spot's Stew Wet Dog Food, Succulent Salmon Recipe","Halo Spot's Stew Wet Dog Food, Succulent Salmon Recipe",pet_all_natural,shop,13.2oz can,"		$3.89/ea($4.69/lb)",3.89,ea(,4.69/lb),,
3705,"Halo Spot's Stew Wet Dog Food, Wholesome Beef Recipe","Halo Spot's Stew Wet Dog Food, Wholesome Beef Recipe",pet_all_natural,shop,13.2oz can,"		$3.89/ea($4.69/lb)",3.89,ea(,4.69/lb),,
3706,"Halo Spot's Stew Wet Dog Food, Wholesome Chicken Recipe","Halo Spot's Stew Wet Dog Food, Wholesome Chicken Recipe",pet_all_natural,shop,13.2oz can,"		$3.89/ea($4.69/lb)",3.89,ea(,4.69/lb),,
3707,"Halo Spot's Stew Wet Dog Food, Wholesome Lamb Recipe","Halo Spot's Stew Wet Dog Food, Wholesome Lamb Recipe",pet_all_natural,shop,13.2oz can,"		$3.89/ea($4.69/lb)",3.89,ea(,4.69/lb),,
3708,"Natural Balance  Indoor Ultra Dry Cat Food, Chicken Meal & Salmon Meal","Natural Balance  Indoor Ultra Dry Cat Food, Chicken Meal & Salmon Meal",pet_all_natural,shop,6lb bag,"		$17.99/ea($3.00/lb)",17.99,ea(,3.00/lb),,
3709,"Natural Balance  L.I.D. Cat Food, Duck & Green Pea Formula","Natural Balance  L.I.D. Cat Food, Duck & Green Pea Formula",pet_all_natural,shop,5.5oz,"		$1.49/ea($4.33/lb)",1.49,ea(,4.33/lb),,
3710,"Natural Balance  L.I.D. Cat Food, Venison & Green Pea Formula","Natural Balance  L.I.D. Cat Food, Venison & Green Pea Formula",pet_all_natural,shop,5.5oz,"		$1.49/ea($4.33/lb)",1.49,ea(,4.33/lb),,
3711,"Natural Balance  Limited Ingredient Diets Dry Cat Food, Green Pea & Chicken Formula","Natural Balance  Limited Ingredient Diets Dry Cat Food, Green Pea & Chicken Formula",pet_all_natural,shop,5lb bag,"		$17.99/ea($3.60/lb)",17.99,ea(,3.60/lb),,
3712,"Natural Balance  Limited Ingredient Diets Dry Cat Food, Green Pea & Duck Formula","Natural Balance  Limited Ingredient Diets Dry Cat Food, Green Pea & Duck Formula",pet_all_natural,shop,5lb bag,"		$17.99/ea($3.60/lb)",17.99,ea(,3.60/lb),,
3713,"Natural Balance  Limited Ingredient Diets Dry Cat Food, Green Pea & Salmon Formula","Natural Balance  Limited Ingredient Diets Dry Cat Food, Green Pea & Salmon Formula",pet_all_natural,shop,5lb bag,"		$17.99/ea($3.60/lb)",17.99,ea(,3.60/lb),,
3714,"Natural Balance  Limited Ingredient Diets Dry Dog Food, Potato & Duck Formula","Natural Balance  Limited Ingredient Diets Dry Dog Food, Potato & Duck Formula",pet_all_natural,shop,5lb bag,"		$17.99/ea($3.60/lb)",17.99,ea(,3.60/lb),,
3715,"Natural Balance  Limited Ingredient Diets Dry Dog Food, Sweet Potato & Chicken Formula","Natural Balance  Limited Ingredient Diets Dry Dog Food, Sweet Potato & Chicken Formula",pet_all_natural,shop,5lb bag,"		$17.99/ea($3.60/lb)",17.99,ea(,3.60/lb),,
3716,"Natural Balance  Limited Ingredient Diets Dry Dog Food, Sweet Potato & Fish Formula","Natural Balance  Limited Ingredient Diets Dry Dog Food, Sweet Potato & Fish Formula",pet_all_natural,shop,5lb bag,"		$17.99/ea($3.60/lb)",17.99,ea(,3.60/lb),,
3717,"Natural Balance  Limited Ingredient Diets Dry Dog Food, Sweet Potato & Venison Formula","Natural Balance  Limited Ingredient Diets Dry Dog Food, Sweet Potato & Venison Formula",pet_all_natural,shop,5lb bag,"		$17.99/ea($3.60/lb)",17.99,ea(,3.60/lb),,
3718,"Natural Balance  Limited Ingredient Diets Wet Dog Food, Chicken & Sweet Potato Formula","Natural Balance  Limited Ingredient Diets Wet Dog Food, Chicken & Sweet Potato Formula",pet_all_natural,shop,6oz can,"		$1.69/ea($4.45/lb)",1.69,ea(,4.45/lb),,
3719,"Natural Balance  Limited Ingredient Diets Wet Dog Food, Duck & Potato Formula","Natural Balance  Limited Ingredient Diets Wet Dog Food, Duck & Potato Formula",pet_all_natural,shop,6oz can,"		$1.59/ea($4.18/lb)",1.59,ea(,4.18/lb),,
3720,"Natural Balance  Limited Ingredient Diets Wet Dog Food, Venison & Sweet Potato Formula","Natural Balance  Limited Ingredient Diets Wet Dog Food, Venison & Sweet Potato Formula",pet_all_natural,shop,6oz can,"		$1.59/ea($4.18/lb)",1.59,ea(,4.18/lb),,
3721,"Natural Balance  Ultra Premium Cat Food, Indoor Formula","Natural Balance  Ultra Premium Cat Food, Indoor Formula",pet_all_natural,shop,5.5oz,"		$1.59/ea($4.63/lb)",1.59,ea(,4.63/lb),,
3722,"Natural Balance  Ultra Premium Cat Food, Ocean Fish Formula","Natural Balance  Ultra Premium Cat Food, Ocean Fish Formula",pet_all_natural,shop,5.5oz,"		$1.59/ea($4.63/lb)",1.59,ea(,4.63/lb),,
3723,"Natural Balance  Ultra Premium Formula Dry Dog Food, Original Ultra","Natural Balance  Ultra Premium Formula Dry Dog Food, Original Ultra",pet_all_natural,shop,5lb bag,"		$17.99/ea($3.60/lb)",17.99,ea(,3.60/lb),,
3724,"Newman's Own Organic Wet Dog Food, Chicken & Brown Rice","Newman's Own Organic Wet Dog Food, Chicken & Brown Rice",pet_all_natural,shop,5.5oz,"		$1.69/ea($4.97/lb)",1.69,ea(,4.97/lb),,
3725,"Newman's Own Organics Wet Cat Food, Chicken & Brown Rice Formula","Newman's Own Organics Wet Cat Food, Chicken & Brown Rice Formula",pet_all_natural,shop,3oz,"		$1.59/ea($8.37/lb)",1.59,ea(,8.37/lb),,
3726,"Newman's Own Organics Wet Cat Food, Turkey & Vegetable Formula","Newman's Own Organics Wet Cat Food, Turkey & Vegetable Formula",pet_all_natural,shop,3oz,"		$1.59/ea($8.37/lb)",1.59,ea(,8.37/lb),,
3727,"Newman's Own Organics Wet Cat Food, Turkey Formula","Newman's Own Organics Wet Cat Food, Turkey Formula",pet_all_natural,shop,3oz,"		$1.59/ea($8.37/lb)",1.59,ea(,8.37/lb),,
3728,"Nutrisca Dogswell Premium Dry Dog Food, Chicken and Chickpea Recipe","Nutrisca Dogswell Premium Dry Dog Food, Chicken and Chickpea Recipe",pet_all_natural,shop,4lb bag,"		$13.99/ea($3.50/lb)",13.99,ea(,3.50/lb),,
3729,"Nutrisca Dogswell Premium Dry Dog Food, Lamb and Chickpea Recipe","Nutrisca Dogswell Premium Dry Dog Food, Lamb and Chickpea Recipe",pet_all_natural,shop,4lb bag,"		$13.99/ea($3.50/lb)",13.99,ea(,3.50/lb),,
3730,"Nutrisca Dogswell Premium Dry Dog Food, Salmon and Chickpea Recipe","Nutrisca Dogswell Premium Dry Dog Food, Salmon and Chickpea Recipe",pet_all_natural,shop,4lb bag,"		$13.99/ea($3.50/lb)",13.99,ea(,3.50/lb),,
3731,"Nutrisca Dogswell Raw Freeze-Dried Bites for Dogs, Beef Recipe","Nutrisca Dogswell Raw Freeze-Dried Bites for Dogs, Beef Recipe",pet_all_natural,shop,5oz bag,"		$11.99/ea($38.68/lb)",11.99,ea(,38.68/lb),,
3732,"Nutrisca Dogswell Raw Freeze-Dried Bites for Dogs, Chicken Recipe","Nutrisca Dogswell Raw Freeze-Dried Bites for Dogs, Chicken Recipe",pet_all_natural,shop,5oz bag,"		$11.99/ea($38.68/lb)",11.99,ea(,38.68/lb),,
3733,"Nutrisca Grain-Free Potato-Free Dry Cat Food, Chicken Recipe","Nutrisca Grain-Free Potato-Free Dry Cat Food, Chicken Recipe",pet_all_natural,shop,4lb,"		$14.99/ea($3.75/lb)",14.99,ea(,3.75/lb),,
3734,"Nutrisca Grain-Free Potato-Free Dry Cat Food, Salmon Recipe","Nutrisca Grain-Free Potato-Free Dry Cat Food, Salmon Recipe",pet_all_natural,shop,4lb,"		$16.99/ea($4.25/lb)",16.99,ea(,4.25/lb),,
3735,"Nutro Natural Choice Adult Dog Food - Chicken, Whole Brown Rice & Oatmeal","Nutro Natural Choice Adult Dog Food - Chicken, Whole Brown Rice & Oatmeal",pet_all_natural,shop,5lb bag,"		$14.99/ea($3.00/lb)",14.99,ea(,3.00/lb),,
3736,"Nutro Natural Choice Adult Dog Food - Venison Meal, Whole Brown Rice & Oatmeal","Nutro Natural Choice Adult Dog Food - Venison Meal, Whole Brown Rice & Oatmeal",pet_all_natural,shop,5lb bag,"		$15.99/ea($3.20/lb)",15.99,ea(,3.20/lb),,
3737,"Nutro Natural Choice Adult Dog Food, Savory Lamb & Rice","Nutro Natural Choice Adult Dog Food, Savory Lamb & Rice",pet_all_natural,shop,12.5oz can,"		$2.19/ea($2.81/lb)",2.19,ea(,2.81/lb),,
3738,"Nutro Natural Choice Chunky Loaf Adult Cat Food, Salmon & Tuna Dinner","Nutro Natural Choice Chunky Loaf Adult Cat Food, Salmon & Tuna Dinner",pet_all_natural,shop,3oz,"		$1.29/ea($6.79/lb)",1.29,ea(,6.79/lb),,
3739,"Nutro Natural Choice Puppy Food - Chicken, Whole Brown Rice & Oatmeal","Nutro Natural Choice Puppy Food - Chicken, Whole Brown Rice & Oatmeal",pet_all_natural,shop,5lb bag,"		$14.99/ea($3.00/lb)",14.99,ea(,3.00/lb),,
3740,"Nutro Natural Choice Sliced Adult Cat Food, Turkey Entrée in Sauce","Nutro Natural Choice Sliced Adult Cat Food, Turkey Entrée in Sauce",pet_all_natural,shop,3oz can,"		$1.29/ea($6.79/lb)",1.29,ea(,6.79/lb),,
3741,"Nutro Natural Choice Small Breed Adult Dog Food, Roasted Turkey & Vegetable Stew","Nutro Natural Choice Small Breed Adult Dog Food, Roasted Turkey & Vegetable Stew",pet_all_natural,shop,3.5oz can,"		$1.59/ea($7.23/lb)",1.59,ea(,7.23/lb),,
3742,"Nutro Natural Choice Small Breed Adult Dog Food, Savory Lamb & Vegetable","Nutro Natural Choice Small Breed Adult Dog Food, Savory Lamb & Vegetable",pet_all_natural,shop,3.5oz,"		$1.59/ea",1.59,ea,,,
3743,"Nutro Natural Choice Small Breed Adult Dog Food, Tender Chicken & Whole Brown Rice Stew","Nutro Natural Choice Small Breed Adult Dog Food, Tender Chicken & Whole Brown Rice Stew",pet_all_natural,shop,3.5oz can,"		$1.59/ea($7.23/lb)",1.59,ea(,7.23/lb),,
3744,"Primal Freeze-Dried Dog Food, Beef","Primal Freeze-Dried Dog Food, Beef",pet_all_natural,shop,14oz bag,"		$26.99/ea($30.67/lb)",26.99,ea(,30.67/lb),,
3745,"Primal Freeze-Dried Formula Cat Food, Chicken & Salmon","Primal Freeze-Dried Formula Cat Food, Chicken & Salmon",pet_all_natural,shop,14oz bag,"		$26.99/ea($30.67/lb)",26.99,ea(,30.67/lb),,
3746,"Primal Freeze-Dried Formula Dog Food, Chicken","Primal Freeze-Dried Formula Dog Food, Chicken",pet_all_natural,shop,14oz bag,"		$26.99/ea($30.67/lb)",26.99,ea(,30.67/lb),,
3747,"Primal Freeze-Dried Formula Dog Food, Duck","Primal Freeze-Dried Formula Dog Food, Duck",pet_all_natural,shop,14oz bag,"		$26.99/ea($30.67/lb)",26.99,ea(,30.67/lb),,
3748,"The Honest Kitchen Embark Dehydrated Dog Food, Grain-Free Turkey Recipe","The Honest Kitchen Embark Dehydrated Dog Food, Grain-Free Turkey Recipe",pet_all_natural,shop,10lb (makes 40lbs),"		$94.99/ea($9.50/lb)",94.99,ea(,9.50/lb),,
3749,"The Honest Kitchen Force Dehydrated Dog Food, Grain-Free Chicken Recipe","The Honest Kitchen Force Dehydrated Dog Food, Grain-Free Chicken Recipe",pet_all_natural,shop,10lb (makes 40lbs),"		$83.29/ea($8.33/lb)",83.29,ea(,8.33/lb),,
3750,"The Honest Kitchen Keen Dehydrated Dog Food, Whole Grain Turkey Recipe","The Honest Kitchen Keen Dehydrated Dog Food, Whole Grain Turkey Recipe",pet_all_natural,shop,10lb (makes 40lbs),"		$64.99/ea($6.50/lb)",64.99,ea(,6.50/lb),,
3751,"The Honest Kitchen Love Dehydrated Dog Food, Grain-Free Beef Recipe","The Honest Kitchen Love Dehydrated Dog Food, Grain-Free Beef Recipe",pet_all_natural,shop,10lb (makes 40lbs),"		$99.99/ea($10.00/lb)",99.99,ea(,10.00/lb),,
3752,"The Honest Kitchen Preference Dehydrated Dog Food, Grain-Free Base Mix","The Honest Kitchen Preference Dehydrated Dog Food, Grain-Free Base Mix",pet_all_natural,shop,7lb (makes 29lbs),"		$57.99/ea($8.28/lb)",57.99,ea(,8.28/lb),,
3753,"The Honest Kitchen Thrive Dehydrated Dog Food, Whole-Grain Chicken Recipe","The Honest Kitchen Thrive Dehydrated Dog Food, Whole-Grain Chicken Recipe",pet_all_natural,shop,10lb (makes 40lbs),"		$84.99/ea($8.50/lb)",84.99,ea(,8.50/lb),,
3754,"The Honest Kitchen Verve Dehydrated Dog Food, Whole Grain Beef Recipe","The Honest Kitchen Verve Dehydrated Dog Food, Whole Grain Beef Recipe",pet_all_natural,shop,10lb (makes 40lbs),"		$68.59/ea($6.86/lb)",68.59,ea(,6.86/lb),,
3755,"The Honest Kitchen Zeal Dehydrated Dog Food, Grain-Free Fish Recipe","The Honest Kitchen Zeal Dehydrated Dog Food, Grain-Free Fish Recipe",pet_all_natural,shop,10lb (makes 40lbs),"		$114.99/ea($11.50/lb)",114.99,ea(,11.50/lb),,
3756,"Wellness Core Wet Cat Food - Chicken, Turkey & Chicken Liver Formula","Wellness Core Wet Cat Food - Chicken, Turkey & Chicken Liver Formula",pet_all_natural,shop,5.5oz can," 	$1.79/ea $1.99Save 10%($5.26/lb)",1.79,ea ,1.99Save 10%(5.26/lb),5.26/lb),
3757,"Wellness Core Wet Cat Food - Salmon, Whitefish & Herring Formula","Wellness Core Wet Cat Food - Salmon, Whitefish & Herring Formula",pet_all_natural,shop,5.5oz can," 	$1.79/ea $1.99Save 10%($5.26/lb)",1.79,ea ,1.99Save 10%(5.26/lb),5.26/lb),
3758,"Wellness Core Wet Dog Food - Turkey, Chicken Liver & Turkey Liver Formula","Wellness Core Wet Dog Food - Turkey, Chicken Liver & Turkey Liver Formula",pet_all_natural,shop,6oz can," 	$1.79/ea $1.99Save 10%($4.71/lb)",1.79,ea ,1.99Save 10%(4.71/lb),4.71/lb),
3759,"Wellness Healthy Indulgence Wet Cat Food, Chicken, Crab & Herring Recipe","Wellness Healthy Indulgence Wet Cat Food, Chicken, Crab & Herring Recipe",pet_all_natural,shop,3oz bag," 	$1.29/ea $1.49Save 12%($6.79/lb)",1.29,ea ,1.49Save 12%(6.79/lb),6.79/lb),
3760,"Wellness Healthy Indulgence Wet Cat Food, Salmon & Chicken Recipe","Wellness Healthy Indulgence Wet Cat Food, Salmon & Chicken Recipe",pet_all_natural,shop,3oz bag," 	$1.29/ea $1.49Save 12%($6.79/lb)",1.29,ea ,1.49Save 12%(6.79/lb),6.79/lb),
3761,"Wellness Healthy Indulgence Wet Cat Food, Turkey & Duck Recipe","Wellness Healthy Indulgence Wet Cat Food, Turkey & Duck Recipe",pet_all_natural,shop,3oz bag," 	$1.29/ea $1.49Save 12%($6.79/lb)",1.29,ea ,1.49Save 12%(6.79/lb),6.79/lb),
3762,"Wellness Natural Wet Cat Food, Chicken Formula","Wellness Natural Wet Cat Food, Chicken Formula",pet_all_natural,shop,3oz can," 	$1.29/ea $1.49Save 12%($6.79/lb)",1.29,ea ,1.49Save 12%(6.79/lb),6.79/lb),
3763,"Wellness Natural Wet Cat Food, Chicken Formula","Wellness Natural Wet Cat Food, Chicken Formula",pet_all_natural,shop,12.5oz can," 	$2.96/ea $3.29Save 10%($3.79/lb)",2.96,ea ,3.29Save 10%(3.79/lb),3.79/lb),
3764,"Wellness Natural Wet Cat Food, Minced Chicken Dinner","Wellness Natural Wet Cat Food, Minced Chicken Dinner",pet_all_natural,shop,3oz can," 	$1.29/ea $1.49Save 12%($6.79/lb)",1.29,ea ,1.49Save 12%(6.79/lb),6.79/lb),
3765,"Wellness Natural Wet Cat Food, Minced Tuna Dinner","Wellness Natural Wet Cat Food, Minced Tuna Dinner",pet_all_natural,shop,3oz can," 	$1.29/ea $1.49Save 12%($6.79/lb)",1.29,ea ,1.49Save 12%(6.79/lb),6.79/lb),
3766,"Wellness Natural Wet Cat Food, Turkey Formula","Wellness Natural Wet Cat Food, Turkey Formula",pet_all_natural,shop,3oz can," 	$1.29/ea $1.49Save 12%($6.79/lb)",1.29,ea ,1.49Save 12%(6.79/lb),6.79/lb),
3767,"Wellness Natural Wet Cat Food, Turkey Formula","Wellness Natural Wet Cat Food, Turkey Formula",pet_all_natural,shop,5.5oz can," 	$1.79/ea $1.99Save 10%($5.26/lb)",1.79,ea ,1.99Save 10%(5.26/lb),5.26/lb),
3768,"Wellness Natural Wet Cat Food, Turkey Formula","Wellness Natural Wet Cat Food, Turkey Formula",pet_all_natural,shop,12.5oz can," 	$2.96/ea $3.29Save 10%($3.79/lb)",2.96,ea ,3.29Save 10%(3.79/lb),3.79/lb),
3769,"Wellness Natural Wet Dog Food, Beef Stew with Carrots & Potatoes","Wellness Natural Wet Dog Food, Beef Stew with Carrots & Potatoes",pet_all_natural,shop,12.5oz can," 	$2.69/ea $2.99Save 10%($3.45/lb)",2.69,ea ,2.99Save 10%(3.45/lb),3.45/lb),
3770,"Wellness Natural Wet Dog Food, Chicken & Sweet Potato Formula","Wellness Natural Wet Dog Food, Chicken & Sweet Potato Formula",pet_all_natural,shop,12.5oz can," 	$2.69/ea $2.99Save 10%($3.45/lb)",2.69,ea ,2.99Save 10%(3.45/lb),3.45/lb),
3771,"Wellness Natural Wet Dog Food, Chicken Stew with Peas & Carrots","Wellness Natural Wet Dog Food, Chicken Stew with Peas & Carrots",pet_all_natural,shop,12.5oz can," 	$2.69/ea $2.99Save 10%($3.45/lb)",2.69,ea ,2.99Save 10%(3.45/lb),3.45/lb),
3772,"Wellness Natural Wet Dog Food, Turkey & Duck Stew with Sweet Potatoes and Cranberries","Wellness Natural Wet Dog Food, Turkey & Duck Stew with Sweet Potatoes and Cranberries",pet_all_natural,shop,12.5oz can," 	$2.69/ea $2.99Save 10%($3.45/lb)",2.69,ea ,2.99Save 10%(3.45/lb),3.45/lb),
3773,"Wellness Natural Wet Dog Food, Turkey & Sweet Potato Formula","Wellness Natural Wet Dog Food, Turkey & Sweet Potato Formula",pet_all_natural,shop,12.5oz can," 	$2.69/ea $2.99Save 10%($3.45/lb)",2.69,ea ,2.99Save 10%(3.45/lb),3.45/lb),
3774,"Wellness Ninety-Five Percent Wet Dog Food, Chicken","Wellness Ninety-Five Percent Wet Dog Food, Chicken",pet_all_natural,shop,13.2oz can," 	$5.39/ea $5.99Save 10%($6.49/lb)",5.39,ea ,5.99Save 10%(6.49/lb),6.49/lb),
3775,"Wellness Ninety-Five Percent Wet Dog Food, Turkey","Wellness Ninety-Five Percent Wet Dog Food, Turkey",pet_all_natural,shop,13.2oz can," 	$5.39/ea $5.99Save 10%($6.49/lb)",5.39,ea ,5.99Save 10%(6.49/lb),6.49/lb),
3776,"Wellness Small Breed Super5mix Dry Dog Food, Adult Health Recipe","Wellness Small Breed Super5mix Dry Dog Food, Adult Health Recipe",pet_all_natural,shop,4lb bag," 	$14.39/ea $15.99Save 10%($3.60/lb)",14.39,ea ,15.99Save 10%(3.60/lb),3.60/lb),
3777,"Wellness Small Breed Super5mix Dry Dog Food, Adult Health Recipe","Wellness Small Breed Super5mix Dry Dog Food, Adult Health Recipe",pet_all_natural,shop,12lb bag," 	$35.09/ea $38.99Save 10%($2.92/lb)",35.09,ea ,38.99Save 10%(2.92/lb),2.92/lb),
3778,"Wellness Super5mix Complete Health Natural Dry Dog Food - Lamb, Barley & Salmon Meal Recipe","Wellness Super5mix Complete Health Natural Dry Dog Food - Lamb, Barley & Salmon Meal Recipe",pet_all_natural,shop,30lb bag," 	$53.99/ea $59.99Save 10%($1.80/lb)",53.99,ea ,59.99Save 10%(1.80/lb),1.80/lb),
3779,"Wellness Super5mix Complete Health Natural Dry Dog Food, Chicken Recipe","Wellness Super5mix Complete Health Natural Dry Dog Food, Chicken Recipe",pet_all_natural,shop,6lb bag," 	$17.99/ea $19.99Save 10%($3.00/lb)",17.99,ea ,19.99Save 10%(3.00/lb),3.00/lb),
3780,"Wellness Super5mix Complete Health Natural Dry Dog Food, Chicken Recipe","Wellness Super5mix Complete Health Natural Dry Dog Food, Chicken Recipe",pet_all_natural,shop,30lb bag," 	$52.19/ea $57.99Save 10%($1.74/lb)",52.19,ea ,57.99Save 10%(1.74/lb),1.74/lb),
3781,"Wellness Super5mix Complete Health Natural Dry Dog Food, Whitefish & Sweet Potato Mix","Wellness Super5mix Complete Health Natural Dry Dog Food, Whitefish & Sweet Potato Mix",pet_all_natural,shop,30lb bag," 	$53.99/ea $59.99Save 10%($1.80/lb)",53.99,ea ,59.99Save 10%(1.80/lb),1.80/lb),
3782,"Nutro Natural Choice Lite Adult Dog Food, Chicken, Whole Brown Rice, & Oatmeal Recipe","Nutro Natural Choice Lite Adult Dog Food, Chicken, Whole Brown Rice, & Oatmeal Recipe",pet_all_natural,shop,5lbs,"		$14.99/ea($3.00/lb)",14.99,ea(,3.00/lb),,
3783,"Nutro Natural Choice Lite Adult Dog Food, Lamb and Rice Recipe","Nutro Natural Choice Lite Adult Dog Food, Lamb and Rice Recipe",pet_all_natural,shop,5lbs,"		$15.99/ea($3.20/lb)",15.99,ea(,3.20/lb),,
3784,"Nutro Natural Choice Senior Dog Food, Chicken, Whole Brown Rice, & Oatmeal Recipe","Nutro Natural Choice Senior Dog Food, Chicken, Whole Brown Rice, & Oatmeal Recipe",pet_all_natural,shop,5lbs,"		$15.99/ea($3.20/lb)",15.99,ea(,3.20/lb),,
3785,"Nutro Natural Choice Small Breed Puppy Food, Chicken, Whole Brown Rice, & Oatmeal Recipe","Nutro Natural Choice Small Breed Puppy Food, Chicken, Whole Brown Rice, & Oatmeal Recipe",pet_all_natural,shop,4lbs,"		$14.99/ea($3.75/lb)",14.99,ea(,3.75/lb),,
3786,"Nutro Natural Choice, Limited Ingredient Diet Adult Dog Food, Lamb and Rice Recipe","Nutro Natural Choice, Limited Ingredient Diet Adult Dog Food, Lamb and Rice Recipe",pet_all_natural,shop,5lbs,"		$15.99/ea($3.20/lb)",15.99,ea(,3.20/lb),,
3787,"Nutro Natural Choice, Limited Ingredient Diet, Small Bites Adult Dog Food, Lamb and Rice Recipe","Nutro Natural Choice, Limited Ingredient Diet, Small Bites Adult Dog Food, Lamb and Rice Recipe",pet_all_natural,shop,5lbs,"		$15.99/ea($3.20/lb)",15.99,ea(,3.20/lb),,
3788,"Nutro Natural Choice, Small Breed Adult Dog Food, Chicken, Whole Brown Rice, & Oatmeal Recipe","Nutro Natural Choice, Small Breed Adult Dog Food, Chicken, Whole Brown Rice, & Oatmeal Recipe",pet_all_natural,shop,4lbs,"		$14.99/ea($3.75/lb)",14.99,ea(,3.75/lb),,
3789,"Almo Nature Green Label Adult Cat Food, Chicken And Duck","Almo Nature Green Label Adult Cat Food, Chicken And Duck",pet_all_natural,shop,1.94oz,"		$0.00/null($0.00/lb)",0,null(,0.00/lb),,
3790,"Canidae All Life Stage Formula Wet Dog Food - Chicken, Lamb & Fish","Canidae All Life Stage Formula Wet Dog Food - Chicken, Lamb & Fish",pet_all_natural,shop,13oz can,"		$0.00/null($0.00/lb)",0,null(,0.00/lb),,
3791,"Canidae Natural Holistic Dry Dog Food, All Life Stage Formula","Canidae Natural Holistic Dry Dog Food, All Life Stage Formula",pet_all_natural,shop,5lb bag,"		$0.00/null($0.00/lb)",0,null(,0.00/lb),,
3792,"Dogswell Happy Hips Wet Dog Food, Chicken & Sweet Potato Stew Recipe","Dogswell Happy Hips Wet Dog Food, Chicken & Sweet Potato Stew Recipe",pet_all_natural,shop,13oz can,"		$0.00/null($0.00/lb)",0,null(,0.00/lb),,
3793,"Dogswell Happy Hips Wet Dog Food, Lamb & Sweet Potato Stew Recipe","Dogswell Happy Hips Wet Dog Food, Lamb & Sweet Potato Stew Recipe",pet_all_natural,shop,13oz can,"		$0.00/null($0.00/lb)",0,null(,0.00/lb),,
3794,"Halo Spot's Choice Wet Cat Food, Shredded Chicken Recipe","Halo Spot's Choice Wet Cat Food, Shredded Chicken Recipe",pet_all_natural,shop,5.5oz can,"		$0.00/null($0.00/lb)",0,null(,0.00/lb),,
3795,"Natural Balance  L.I.D. Cat Food, Chicken & Green Pea Formula","Natural Balance  L.I.D. Cat Food, Chicken & Green Pea Formula",pet_all_natural,shop,5.5oz,"		$0.00/null($0.00/lb)",0,null(,0.00/lb),,
3796,"Natural Balance  Ultra Premium Cat Food, Turkey & Giblets Formula","Natural Balance  Ultra Premium Cat Food, Turkey & Giblets Formula",pet_all_natural,shop,5.5oz,"		$0.00/null($0.00/lb)",0,null(,0.00/lb),,
3797,"Natural Balance  Ultra Premium Wet Cat Food, Ultra Formula","Natural Balance  Ultra Premium Wet Cat Food, Ultra Formula",pet_all_natural,shop,6oz can,"		$0.00/null($0.00/lb)",0,null(,0.00/lb),,
3798,"Newman's Own Organic Wet Dog Food, Chicken","Newman's Own Organic Wet Dog Food, Chicken",pet_all_natural,shop,5.5oz,"		$0.00/null($0.00/lb)",0,null(,0.00/lb),,
3799,"Nutro Natural Choice Hairball Control Adult Cat Food, Chicken & Whole Brown Rice","Nutro Natural Choice Hairball Control Adult Cat Food, Chicken & Whole Brown Rice",pet_all_natural,shop,6.5lb bag,"		$0.00/null($0.00/lb)",0,null(,0.00/lb),,
3800,"Nutro Natural Choice High Protein Cat Food, Chicken & Whole Brown Rice","Nutro Natural Choice High Protein Cat Food, Chicken & Whole Brown Rice",pet_all_natural,shop,6.5lb bag,"		$0.00/null($0.00/lb)",0,null(,0.00/lb),,
3801,"Nutro Natural Choice Indoor Adult Cat Food, Chicken & Whole Brown Rice","Nutro Natural Choice Indoor Adult Cat Food, Chicken & Whole Brown Rice",pet_all_natural,shop,6.5lb bag,"		$0.00/null($0.00/lb)",0,null(,0.00/lb),,
3802,"Nutro Natural Choice Minced Cat Food, Chicken in Gravy","Nutro Natural Choice Minced Cat Food, Chicken in Gravy",pet_all_natural,shop,3oz can,"		$0.00/null($0.00/lb)",0,null(,0.00/lb),,
3803,"Nutro Natural Choice Soft Loaf Adult Cat Food, Duck","Nutro Natural Choice Soft Loaf Adult Cat Food, Duck",pet_all_natural,shop,3oz can,"		$0.00/null($0.00/lb)",0,null(,0.00/lb),,
3804,"Wellness Natural Wet Cat Food, Chicken Formula","Wellness Natural Wet Cat Food, Chicken Formula",pet_all_natural,shop,5.5oz can," 	$0.00/null $1.99($0.00/lb)",0,null ,1.99(0.00/lb),0.00/lb),
3805,"Grilled Salmon Platter (Farm-Raised Salmon), Large","Grilled Salmon Platter (Farm-Raised Salmon), Large",cat_entree,catering,10 pcs (8-10 oz ea),"		$99.99/ea",99.99,ea,,,
3806,"Grilled Salmon Platter (Farm-Raised Salmon), Regular","Grilled Salmon Platter (Farm-Raised Salmon), Regular",cat_entree,catering,10 pcs (3-4 oz ea),"		$85.00/ea",85,ea,,,
3807,"Grilled Vegetable Platter, Large","Grilled Vegetable Platter, Large",cat_entree,catering,about 5.5 lbs,"		$59.99/ea",59.99,ea,,,
3808,"Grilled Vegetable Platter, Small","Grilled Vegetable Platter, Small",cat_entree,catering,about 1.9 lbs,"		$30.00/ea",30,ea,,,
3809,"Rotisserie Chicken Platter (Raised without Antibiotics), Ready to Serve","Rotisserie Chicken Platter (Raised without Antibiotics), Ready to Serve",cat_entree,catering,24 pcs (Serves 8-10),"		$50.00/ea",50,ea,,,
3810,Whole Filet Mignon of Beef Platter,Whole Filet Mignon of Beef Platter,cat_entree,catering,"about 6.3 lbs, serves 10-12","		$149.99/ea",149.99,ea,,,
3811,Whole Poached Salmon Platter (Farm-Raised Salmon),Whole Poached Salmon Platter (Farm-Raised Salmon),cat_entree,catering,6lbs fish (Serves 10-12),"		$95.00/ea",95,ea,,,
3812,"Baked Macaroni & Cheese w/ Parmesan Breadcrumbs, Catering Size","Baked Macaroni & Cheese w/ Parmesan Breadcrumbs, Catering Size",cat_entree,catering,5.5lbs (Serves 10-12),"		$45.00/ea",45,ea,,,
3813,"Baked Ziti w/ Slow-Cooked Tomato Sauce, Catering Size","Baked Ziti w/ Slow-Cooked Tomato Sauce, Catering Size",cat_entree,catering,5.5lbs (Serves 10-12),"		$39.99/ea",39.99,ea,,,
3814,"Beef Meatballs w/ Spaghetti & Tomato Sauce, Catering Size","Beef Meatballs w/ Spaghetti & Tomato Sauce, Catering Size",cat_entree,catering,24 meatballs (Serves 6-8),"		$39.99/ea",39.99,ea,,,
3815,Brisket of Beef w/ Roasted Vegetables & Gravy,Brisket of Beef w/ Roasted Vegetables & Gravy,cat_entree,catering,Serves 6-8,"		$90.00/ea",90,ea,,,
3817,"Chicken Marsala w/ Egg Noodles, Catering Size","Chicken Marsala w/ Egg Noodles, Catering Size",cat_entree,catering,12pcs chicken (Serves 6-8),"		$59.99/ea",59.99,ea,,,
3818,"Chicken Parmesan w/ Spaghetti, Catering Size","Chicken Parmesan w/ Spaghetti, Catering Size",cat_entree,catering,8pcs chicken (Serves 6-8),"		$49.99/ea",49.99,ea,,,
3819,"Farm-Raised Lemon-Dill Salmon, Half","Farm-Raised Lemon-Dill Salmon, Half",cat_entree,catering,Serves 4-6,"		$50.00/ea",50,ea,,,
3821,"Filet Mignon of Beef au Jus, Whole","Filet Mignon of Beef au Jus, Whole",cat_entree,catering,Serves 6-8,"		$139.00/ea",139,ea,,,
3822,Frenched Racks of Lamb ,Frenched Racks of Lamb ,cat_entree,catering,Serves 4-6,"		$95.00/ea",95,ea,,,
3823,Leg of Lamb au Jus,Leg of Lamb au Jus,cat_entree,catering,Serves 6-8,"		$85.00/ea",85,ea,,,
3825,"Spinach-Stuffed Shells, Catering Size","Spinach-Stuffed Shells, Catering Size",cat_entree,catering,21 stuffed shells (Serves 5-7),"		$40.00/ea",40,ea,,,
3826,"Standing Beef Rib Roast au Jus, Half","Standing Beef Rib Roast au Jus, Half",cat_entree,catering,Serves 4-6,"		$119.00/ea",119,ea,,,
3827,"Standing Beef Rib Roast au Jus, Whole","Standing Beef Rib Roast au Jus, Whole",cat_entree,catering,Approx. 12 lbs (Serves 10-12),"		$245.00/ea",245,ea,,,
3828,"Three-Cheese Lasagna w/ Bolognese Sauce, Catering Size","Three-Cheese Lasagna w/ Bolognese Sauce, Catering Size",cat_entree,catering,(approx. 5 lbs),"		$45.00/ea",45,ea,,,
3829,"Turkey Meatballs w/ Spaghetti & Tomato Sauce, Catering Size","Turkey Meatballs w/ Spaghetti & Tomato Sauce, Catering Size",cat_entree,catering,24 meatballs (Serves 6-8),"		$44.99/ea",44.99,ea,,,
3830,"Vegetarian Spinach & Mushroom Lasagna, Catering Size","Vegetarian Spinach & Mushroom Lasagna, Catering Size",cat_entree,catering,5lbs (Serves 6-8),"		$45.00/ea",45,ea,,,
3831,"Whole Roasted Turkey with Gravy & Cranberry Sauce, Small","Whole Roasted Turkey with Gravy & Cranberry Sauce, Small",cat_entree,catering,About 8-10 lbs (Serves 4-6),"		$70.00/ea",70,ea,,,
3832,Ocean Mist Farms Fennel,Ocean Mist Farms Fennel,sp,vegetables,(about 12oz ea),"		$2.99/eaSave! 2 for $5.00",2.99,eaSave! 2 for ,5,,
3834,Belgian Endive,Belgian Endive,sp,vegetables,34oz,"		$3.99/lb",3.99,lb,,,
3837,Italian Eggplant,Italian Eggplant,sp,vegetables,33.8oz,"		$4.99/lb",4.99,lb,,,
3840,Organic Fennel,Organic Fennel,sp,vegetables,(about 4-5oz ea),"		$3.99/ea",3.99,ea,,,
3842,Wild Fiddlehead Ferns,Wild Fiddlehead Ferns,sp,vegetables,(appx. 4oz),"		$5.49/ea",5.49,ea,,,
3844,White Asparagus,White Asparagus,sp,vegetables,NA,"		$5.99/ea",5.99,ea,,,
3846,Tomatillos Pack,Tomatillos Pack,sp,vegetables,8oz,"		$4.49/ea",4.49,ea,,,
3847,Blue Moon Acres Cut Wheatgrass,Blue Moon Acres Cut Wheatgrass,sp,vegetables,2oz," 	$2.99/ea $3.99Save 25%",2.99,ea ,3.99Save 25%,,
3848,Project Eats Komatsuna,Project Eats Komatsuna,sp,vegetables,0.50lb,"		$2.99/eaSave! 2 for $5.00",2.99,eaSave! 2 for ,5,,
3851,Sweet 2 Eat Peaches,Sweet 2 Eat Peaches,sf,fruit,NA,"		$3.99/lb",3.99,lb,,,
3852,Sweet 2 Eat Nectarines,Sweet 2 Eat Nectarines,sf,fruit,NA,"		$3.99/lb",3.99,lb,,,
3853,Organic Peaches,Organic Peaches,sf,fruit,NA,"		$4.99/lb",4.99,lb,,,
3854,Sweet 2 Eat White Peaches,Sweet 2 Eat White Peaches,sf,fruit,NA,"		$3.99/lb",3.99,lb,,,
3857,Organic Nectarines,Organic Nectarines,sf,fruit,NA,"		$4.99/lb",4.99,lb,,,
3861,Donut Peach,Donut Peach,sf,fruit,NA,"		$4.99/lb",4.99,lb,,,
3863,Organic Pluots,Organic Pluots,sf,fruit,NA,"		$4.99/lb",4.99,lb,,,
3865,Organic White Nectarines,Organic White Nectarines,sf,fruit,NA,"		$4.99/lb",4.99,lb,,,
3866,Rainier Cherries,Rainier Cherries,sf,fruit,Approx. 1.25lbs,"		$10.00/ea",10,ea,,,
3867,Organic Black Plum,Organic Black Plum,sf,fruit,NA,"		$4.99/lb",4.99,lb,,,
3870,Organic Rainier Cherries,Organic Rainier Cherries,sf,fruit,each,"		$8.99/lb",8.99,lb,,,
3874,White Nectarine,White Nectarine,sf,fruit,NA,"		$0.00/null",0,null,,,
3875,Apricots,Apricots,sf,fruit,NA,"		$0.00/null",0,null,,,
3876,Blood Plum,Blood Plum,sf,fruit,NA,"		$0.00/null",0,null,,,
3877,Organic California White Peaches,Organic California White Peaches,sf,fruit,NA,"		$0.00/null",0,null,,,
3878,FreshDirect Citrus-Soy Chicken,FreshDirect Citrus-Soy Chicken,hmr_fresh_tbrennan,4mm,11.4oz,"		$8.99/ea($12.66/lb)",8.99,ea(,12.66/lb),,
3879,FreshDirect Thai-Style Chicken & Vegetable Curry (Raised w/o Antibiotics),FreshDirect Thai-Style Chicken & Vegetable Curry (Raised w/o Antibiotics),hmr_fresh_tbrennan,4mm,12.7oz,"		$8.99/ea($11.38/lb)",8.99,ea(,11.38/lb),,
3880,FreshDirect Chili-Garlic Halibut,FreshDirect Chili-Garlic Halibut,hmr_fresh_tbrennan,4mm,11.8oz,"		$12.99/eaSave! 2 for $24.00($17.55/lb)",12.99,eaSave! 2 for ,24.00(17.55/lb),17.55/lb),
3882,FreshDirect Massaman Chicken Curry,FreshDirect Massaman Chicken Curry,hmr_fresh_tbrennan,4mm,11.4oz,"		$8.99/ea($12.66/lb)",8.99,ea(,12.66/lb),,
3883,FreshDirect Shrimp with Thai Peanut Sauce,FreshDirect Shrimp with Thai Peanut Sauce,hmr_fresh_tbrennan,4mm,12oz,"		$9.99/ea($13.32/lb)",9.99,ea(,13.32/lb),,
3885,FreshDirect Ginger Teriyaki Chicken,FreshDirect Ginger Teriyaki Chicken,hmr_fresh_tbrennan,4mm,11.2oz,"		$8.99/ea($12.84/lb)",8.99,ea(,12.84/lb),,
3886,FreshDirect Sustainable Salmon Teriyaki,FreshDirect Sustainable Salmon Teriyaki,hmr_fresh_tbrennan,4mm,12.1oz,"		$9.99/ea($13.14/lb)",9.99,ea(,13.14/lb),,
3887,FreshDirect Thai-Style Beef Red Curry,FreshDirect Thai-Style Beef Red Curry,hmr_fresh_tbrennan,4mm,12.9oz,"		$11.99/ea($19.03/lb)",11.99,ea(,19.03/lb),,
3892,FreshDirect Chocolate Chip Cookies,FreshDirect Chocolate Chip Cookies,ckibni,bakery,"(about 2.75"" dia.) 8oz 7pk","		$4.99/7pk($0.71/ct)",4.99,7pk(,0.71/ct),,
3893,FreshDirect Double Chocolate Chunk Cookies,FreshDirect Double Chocolate Chunk Cookies,ckibni,bakery,"(about 2.75"" dia.) 8oz 7pk","		$4.99/7pk($0.71/ct)",4.99,7pk(,0.71/ct),,
3897,FreshDirect Oatmeal Raisin Cookies,FreshDirect Oatmeal Raisin Cookies,ckibni,bakery,"(about 2.75"" dia.) 8oz 7pk","		$4.99/7pk($0.71/ct)",4.99,7pk(,0.71/ct),,
3898,FreshDirect Shortbread Cookies,FreshDirect Shortbread Cookies,ckibni,bakery,7pk,"		$4.99/7pk($0.71/ct)",4.99,7pk(,0.71/ct),,
3900,FreshDirect Chocolate Chunk Macadamia Coconut Cookies,FreshDirect Chocolate Chunk Macadamia Coconut Cookies,ckibni,bakery,7pk,"		$4.99/7pk($0.71/ct)",4.99,7pk(,0.71/ct),,
3901,FreshDirect Chocolate Frosted Brownies,FreshDirect Chocolate Frosted Brownies,ckibni,bakery,"(2"" x 2.75"") 8oz 4pk","		$4.99/4pk($1.25/ct)",4.99,4pk(,1.25/ct),,
3905,FreshDirect Mini Rice Crispie Squares,FreshDirect Mini Rice Crispie Squares,ckibni,bakery,"0.75lb, 24ct","		$6.99/ea($0.29/ct)",6.99,ea(,0.29/ct),,
3906,FreshDirect Raspberry Bars,FreshDirect Raspberry Bars,ckibni,bakery,4 pack," 	$2.99/4pk $4.99Save 40%($0.75/ct)",2.99,4pk ,4.99Save 40%(0.75/ct),0.75/ct),
3909,Betsy's Bakery Gluten-Free Chocolate Chip Cookies,Betsy's Bakery Gluten-Free Chocolate Chip Cookies,ckibni,bakery,"9oz, 4ct","		$4.99/4pk($8.87/lb)",4.99,4pk(,8.87/lb),,
3910,"Dana's Bakery Macarons Celebration Box, Frozen","Dana's Bakery Macarons Celebration Box, Frozen",ckibni,bakery,"4pk, 2.5oz (72g)","		$9.99/ea($62.44/lb)",9.99,ea(,62.44/lb),,
3911,"Dana's Bakery Macarons Party Box, Frozen","Dana's Bakery Macarons Party Box, Frozen",ckibni,bakery,"4pk, 2.5oz (72g)","		$9.99/ea($62.44/lb)",9.99,ea(,62.44/lb),,
3912,Davidovich Almond Cookies,Davidovich Almond Cookies,ckibni,bakery,8oz,"		$5.99/ea($11.98/lb)",5.99,ea(,11.98/lb),,
3913,Davidovich Apricot Rugelach,Davidovich Apricot Rugelach,ckibni,bakery,"6pk, 9.5oz","		$4.49/eaAny 3 select  pastries for $12.99($0.75/ct)Mix'n'Match",4.49,eaAny 3 select  pastries for ,12.99(0.75/ct)Mix'n'Match,0.75/ct)Mix'n'Match,
3914,Davidovich Assorted Rugelach,Davidovich Assorted Rugelach,ckibni,bakery,"6pk, 9.5oz","		$4.49/eaAny 3 select  pastries for $12.99($0.75/ct)Mix'n'Match",4.49,eaAny 3 select  pastries for ,12.99(0.75/ct)Mix'n'Match,0.75/ct)Mix'n'Match,
3915,Davidovich Chocolate Rugelach,Davidovich Chocolate Rugelach,ckibni,bakery,"6pk, 9.5oz","		$4.49/eaAny 3 select  pastries for $12.99($0.75/ct)Mix'n'Match",4.49,eaAny 3 select  pastries for ,12.99(0.75/ct)Mix'n'Match,0.75/ct)Mix'n'Match,
3917,FreshDirect Macadamia White Chocolate Chip Cookies,FreshDirect Macadamia White Chocolate Chip Cookies,ckibni,bakery,7ct,"		$4.99/ea",4.99,ea,,,
3918,FreshDirect Mini Black & White Cookies,FreshDirect Mini Black & White Cookies,ckibni,bakery,6ct,"		$4.99/ea($0.83/ct)",4.99,ea(,0.83/ct),,
3919,FreshDirect Peanut Butter Chip Cookies,FreshDirect Peanut Butter Chip Cookies,ckibni,bakery,7ct,"		$4.99/eaSave! 2 for $9.00",4.99,eaSave! 2 for ,9,,
3920,FreshDirect Snickerdoodle Cookies,FreshDirect Snickerdoodle Cookies,ckibni,bakery,7ct,"		$4.99/ea",4.99,ea,,,
3963,"Earth's Best Organic Apples & Blueberries Baby Food, Case","Earth's Best Organic Apples & Blueberries Baby Food, Case",bby_family_size,buybig,"4oz, 12 per case","		$10.49/cs($3.50/lb)",10.49,cs(,3.50/lb),,
3964,"Earth's Best Organic Baby Food Vegetable Variety Pack (Sw. Potatoes, Carrots, Peas & Rice, Squash)","Earth's Best Organic Baby Food Vegetable Variety Pack (Sw. Potatoes, Carrots, Peas & Rice, Squash)",bby_family_size,buybig,12 - 4oz jars,"		$11.49/ea($3.83/lb)",11.49,ea(,3.83/lb),,
3965,"Earth's Best Organic Dinner Variety Pack (Sw. Potato-Chick, Veg Turkey, Veg, Rice-Lentil)","Earth's Best Organic Dinner Variety Pack (Sw. Potato-Chick, Veg Turkey, Veg, Rice-Lentil)",bby_family_size,buybig,4oz ea (pack of 12),"		$11.49/ea($3.83/lb)",11.49,ea(,3.83/lb),,
3966,"Earth's Best Organic Fruit Variety Pack (Apple-Apricot, Pears, Banana-Peach-Rasp., Peach-Oat-Banana)","Earth's Best Organic Fruit Variety Pack (Apple-Apricot, Pears, Banana-Peach-Rasp., Peach-Oat-Banana)",bby_family_size,buybig,4oz ea (pack of 12),"		$11.49/ea($3.83/lb)",11.49,ea(,3.83/lb),,
3967,"Earth's Best Organic Infant Formula with Iron - Powdered, Case","Earth's Best Organic Infant Formula with Iron - Powdered, Case",bby_family_size,buybig,"25.7 oz, 4 per case","		$107.49/cs($16.72/lb)",107.49,cs(,16.72/lb),,
3968,"Earth's Best Organic Pears & Mangos Baby Food, Case","Earth's Best Organic Pears & Mangos Baby Food, Case",bby_family_size,buybig,"4oz, 12 per case","		$10.49/cs($3.50/lb)",10.49,cs(,3.50/lb),,
3969,"Seventh Generation Free & Clear Baby Wipes, Case","Seventh Generation Free & Clear Baby Wipes, Case",bby_family_size,buybig,"12 per case, 64ct ea","		$39.49/cs($0.05/ct)",39.49,cs(,0.05/ct),,
3970,"Similac Advance Early Shield Infant Formula with Iron - Ready to Use, Case","Similac Advance Early Shield Infant Formula with Iron - Ready to Use, Case",bby_family_size,buybig,"32oz, 6 per case","		$42.99/cs($3.58/lb)",42.99,cs(,3.58/lb),,
3985,FreshDirect Oven-Ready Sourdough Rolls,FreshDirect Oven-Ready Sourdough Rolls,bak_rolls,bakery,6 pack (16oz)," 	$2.99/6pk $3.99Save 25%($0.50/ct)",2.99,6pk ,3.99Save 25%(0.50/ct),0.50/ct),
3990,FreshDirect Oven-Ready Foccacia Sandwich Rolls,FreshDirect Oven-Ready Foccacia Sandwich Rolls,bak_rolls,bakery,6pk," 	$1.99/ea $4.99Save 60%($0.33/ct)",1.99,ea ,4.99Save 60%(0.33/ct),0.33/ct),
3991,"Branzino, Farm-Raised Whole ","Branzino, Farm-Raised Whole ",fwhl,seafood,NA,"		$10.99/lb",10.99,lb,,,
3993,"Rainbow Trout, Farm-Raised Butterflied","Rainbow Trout, Farm-Raised Butterflied",fwhl,seafood,8.9oz,"		$8.99/lb",8.99,lb,,,
3994,Sides in a Snap French Green Beans Almondine,Sides in a Snap French Green Beans Almondine,fwhl,seafood,8.9oz,"		$5.99/ea($10.70/lb)",5.99,ea(,10.70/lb),,
3995,"Royal Dorade, Farm-Raised","Royal Dorade, Farm-Raised",fwhl,seafood,NA,"		$8.99/lb",8.99,lb,,,
3996,Whole Wild Flounder,Whole Wild Flounder,fwhl,seafood,NA,"		$6.99/lb",6.99,lb,,,
3997,"Farm-Raised Striped Bass, Whole","Farm-Raised Striped Bass, Whole",fwhl,seafood,NA,"		$7.99/lb",7.99,lb,,,
3998,True North Farm-Raised Atlantic Whole Salmon,True North Farm-Raised Atlantic Whole Salmon,fwhl,seafood,8 - 10 lb,"		$6.99/lb",6.99,lb,,,
3999,Stock & Soup Bones,Stock & Soup Bones,fwhl,seafood,NA,"		$1.99/lb",1.99,lb,,,
4000,Local Whole Wild Black Sea Bass,Local Whole Wild Black Sea Bass,fwhl,seafood,1-2lbs,"		$9.99/lb",9.99,lb,,,
4001,Whole Wild Snapper,Whole Wild Snapper,fwhl,seafood,NA,"		$9.99/lb",9.99,lb,,,
4002,FreshDirect Handmade Small-Batch Guacamole,FreshDirect Handmade Small-Batch Guacamole,rtc_sauce,rtc,9oz,"		$5.99/ea($10.70/lb)",5.99,ea(,10.70/lb),,
4012,FreshDirect Fresh Mild Salsa,FreshDirect Fresh Mild Salsa,rtc_sauce,rtc,15oz,"		$4.99/eaAny 2 Fresh Salsas for $8.00($5.31/lb)Mix'n'Match",4.99,eaAny 2 Fresh Salsas for ,8.00(5.31/lb)Mix'n'Match,5.31/lb)Mix'n'Match,
4013,FreshDirect Fresh Salsa Verde,FreshDirect Fresh Salsa Verde,rtc_sauce,rtc,15oz,"		$4.99/eaAny 2 Fresh Salsas for $8.00($5.31/lb)Mix'n'Match",4.99,eaAny 2 Fresh Salsas for ,8.00(5.31/lb)Mix'n'Match,5.31/lb)Mix'n'Match,
4018,FreshDirect Cocktail Sauce,FreshDirect Cocktail Sauce,rtc_sauce,rtc,pint (16oz),"		$3.99/pint($3.99/lb)",3.99,pint(,3.99/lb),,
4019,FreshDirect Fresh Chipotle Salsa,FreshDirect Fresh Chipotle Salsa,rtc_sauce,rtc,15oz,"		$5.99/eaAny 2 Fresh Salsas for $8.00($6.37/lb)Mix'n'Match",5.99,eaAny 2 Fresh Salsas for ,8.00(6.37/lb)Mix'n'Match,6.37/lb)Mix'n'Match,
4020,FreshDirect Fresh Hot Salsa,FreshDirect Fresh Hot Salsa,rtc_sauce,rtc,15oz,"		$4.99/eaAny 2 Fresh Salsas for $8.00($5.31/lb)Mix'n'Match",4.99,eaAny 2 Fresh Salsas for ,8.00(5.31/lb)Mix'n'Match,5.31/lb)Mix'n'Match,
4021,FreshDirect Fresh Mango Mint Salsa,FreshDirect Fresh Mango Mint Salsa,rtc_sauce,rtc,15oz,"		$5.99/eaAny 2 Fresh Salsas for $8.00($6.37/lb)Mix'n'Match",5.99,eaAny 2 Fresh Salsas for ,8.00(6.37/lb)Mix'n'Match,6.37/lb)Mix'n'Match,
4022,FreshDirect Fresh Mild Salsa,FreshDirect Fresh Mild Salsa,rtc_sauce,rtc,8oz,"		$2.99/ea($5.98/lb)",2.99,ea(,5.98/lb),,
4023,FreshDirect Fresh Pineapple Salsa,FreshDirect Fresh Pineapple Salsa,rtc_sauce,rtc,15oz,"		$4.99/eaAny 2 Fresh Salsas for $8.00($5.31/lb)Mix'n'Match",4.99,eaAny 2 Fresh Salsas for ,8.00(5.31/lb)Mix'n'Match,5.31/lb)Mix'n'Match,
4024,FreshDirect Ranch Dip,FreshDirect Ranch Dip,rtc_sauce,rtc,8oz,"		$1.99/ea($3.98/lb)",1.99,ea(,3.98/lb),,
4025,FreshDirect Ranch Dip,FreshDirect Ranch Dip,rtc_sauce,rtc,pint (16oz),"		$3.99/pint($3.99/lb)",3.99,pint(,3.99/lb),,
4028,FreshDirect Creamy Blue Cheese Dip,FreshDirect Creamy Blue Cheese Dip,rtc_sauce,rtc,8oz,"		$2.99/ea($5.98/lb)",2.99,ea(,5.98/lb),,
4029,FreshDirect Honey Mustard Dipping Sauce,FreshDirect Honey Mustard Dipping Sauce,rtc_sauce,rtc,8oz,"		$1.99/ea($3.98/lb)",1.99,ea(,3.98/lb),,
4030,"Barilla Pronto Pasta, Penne","Barilla Pronto Pasta, Penne",pas_new,shop,12oz,"		$1.69/ea($2.25/lb)",1.69,ea(,2.25/lb),,
4031,"Barilla Pronto Pasta, Spaghetti","Barilla Pronto Pasta, Spaghetti",pas_new,shop,12oz,"		$1.69/ea($2.25/lb)",1.69,ea(,2.25/lb),,
4032,O-Live & Co. Limited Extra Virgin Olive Oil,O-Live & Co. Limited Extra Virgin Olive Oil,pas_new,shop,25oz,"		$14.99/ea($9.61/pt)",14.99,ea(,9.61/pt),,
4033,O-Live & Co. Organic Extra Virgin Olive Oil,O-Live & Co. Organic Extra Virgin Olive Oil,pas_new,shop,25oz,"		$18.99/ea($12.17/pt)",18.99,ea(,12.17/pt),,
4045,FreshDirect Mushroom & Goat Cheese Quiche,FreshDirect Mushroom & Goat Cheese Quiche,veg_hmr,vegetables,"9"", 1.75lb","		$12.99/ea($7.42/lb)",12.99,ea(,7.42/lb),,
4047,The Squeeze Moc & Cheese,The Squeeze Moc & Cheese,veg_hmr,vegetables,5oz,"		$7.99/ea($25.57/lb)",7.99,ea(,25.57/lb),,
4048,The Squeeze Mushroom Burger,The Squeeze Mushroom Burger,veg_hmr,vegetables,9oz,"		$6.99/ea($13.98/lb)",6.99,ea(,13.98/lb),,
4049,The Squeeze Sweet Potato Burger,The Squeeze Sweet Potato Burger,veg_hmr,vegetables,8oz,"		$6.99/ea($13.98/lb)",6.99,ea(,13.98/lb),,
4066,Sides in a Snap Edamame with Coarse Sea Salt,Sides in a Snap Edamame with Coarse Sea Salt,hmr_entree_veg,meals,8oz,"		$4.99/ea($9.98/lb)",4.99,ea(,9.98/lb),,
4071,Sides in a Snap Creamed Spinach,Sides in a Snap Creamed Spinach,hmr_entree_veg,meals,12oz,"		$3.99/ea($5.32/lb)",3.99,ea(,5.32/lb),,
4074,Vegetable Minestrone,Vegetable Minestrone,hmr_entree_veg,meals,16oz,"		$4.99/ea($4.99/lb)",4.99,ea(,4.99/lb),,
4075,Corn Chowder,Corn Chowder,hmr_entree_veg,meals,16oz,"		$4.99/ea($4.99/lb)",4.99,ea(,4.99/lb),,
4076,Vegetarian Split Pea Soup,Vegetarian Split Pea Soup,hmr_entree_veg,meals,16oz,"		$4.99/ea($4.99/lb)",4.99,ea(,4.99/lb),,
4077,White Bean & Escarole Stew,White Bean & Escarole Stew,hmr_entree_veg,meals,16oz,"		$4.99/ea($4.99/lb)",4.99,ea(,4.99/lb),,
4078,Classic Tomato Soup,Classic Tomato Soup,hmr_entree_veg,meals,16oz,"		$4.99/ea($4.99/lb)",4.99,ea(,4.99/lb),,
4084,Garlic,Garlic,on_grlc,vegetables,NA,"		$3.99/lb",3.99,lb,,,
4085,"Red Onion, Large","Red Onion, Large",on_grlc,vegetables,NA,"		$1.49/lb",1.49,lb,,,
4086,Ocean Mist Farms Scallions,Ocean Mist Farms Scallions,on_grlc,vegetables,5.5oz,"		$1.99/ea",1.99,ea,,,
4087,Jumbo Yellow Onion,Jumbo Yellow Onion,on_grlc,vegetables,NA,"		$0.99/lb",0.99,lb,,,
4088,"Yellow Onion, 2lb Bag","Yellow Onion, 2lb Bag",on_grlc,vegetables,NA,"		$1.69/ea",1.69,ea,,,
4089,"Organic Yellow Onion, Medium","Organic Yellow Onion, Medium",on_grlc,vegetables,NA,"		$2.29/lb",2.29,lb,,,
4090,Organic Scallions,Organic Scallions,on_grlc,vegetables,5.5oz,"		$2.49/eaSave! 2 for $4.00",2.49,eaSave! 2 for ,4,,
4091,Shallots,Shallots,on_grlc,vegetables,1lb,"		$2.99/pkg",2.99,pkg,,,
4092,Vidalia Onion,Vidalia Onion,on_grlc,vegetables,NA," 	$1.49/lb $1.99Save 25%",1.49,lb ,1.99Save 25%,,
4093,Organic Garlic,Organic Garlic,on_grlc,vegetables,NA,"		$5.99/lb",5.99,lb,,,
4094,Organic Red Onion,Organic Red Onion,on_grlc,vegetables,NA,"		$2.29/lb",2.29,lb,,,
4095,"White Onion, Large","White Onion, Large",on_grlc,vegetables,NA,"		$1.49/lb",1.49,lb,,,
4097,Chives,Chives,on_grlc,vegetables,NA,"		$2.49/ea",2.49,ea,,,
4100,"Organic Leeks, Bunch","Organic Leeks, Bunch",on_grlc,vegetables,(4-5 leeks per bunch),"		$4.99/ea",4.99,ea,,,
4101,"Yellow Organic Onions, Bag","Yellow Organic Onions, Bag",on_grlc,vegetables,"2lbs, approx 6-8 per bag","		$5.99/ea",5.99,ea,,,
4104,Fresh Purple Garlic,Fresh Purple Garlic,on_grlc,vegetables,approx 4 heads per lb,"		$3.99/lb",3.99,lb,,,
4105,Organic Shallots,Organic Shallots,on_grlc,vegetables,NA,"		$6.99/lb",6.99,lb,,,
4106,Lancaster Farm Fresh Cooperative Local Organic Sweet Onions,Lancaster Farm Fresh Cooperative Local Organic Sweet Onions,on_grlc,vegetables,each,"		$1.99/lb",1.99,lb,,,
4107,Jersey Fresh Leeks,Jersey Fresh Leeks,on_grlc,vegetables,bunch,"		$2.99/eaSave! 2 for $5.00",2.99,eaSave! 2 for ,5,,
4108,Organic Red Scallions,Organic Red Scallions,on_grlc,vegetables,6oz," 	$1.29/ea $2.99Save! 2 for $2.00",1.29,ea ,2.99Save! 2 for 2,2,
4113,White Pearl Onions,White Pearl Onions,on_grlc,vegetables,6oz,"		$2.49/pkg",2.49,pkg,,,
4114,Garlic Scapes,Garlic Scapes,on_grlc,vegetables,0.25lb,"		$3.49/ea",3.49,ea,,,
4115,Spring Garlic,Spring Garlic,on_grlc,vegetables,3 stalks per bunch,"		$4.49/eaSave! 2 for $8.00",4.49,eaSave! 2 for ,8,,
4116,Banana Shallots,Banana Shallots,on_grlc,vegetables,1lb," 	$0.00/null $2.99",0,null ,2.99,,
4117,Cal-Organic Organic Baby Carrots,Cal-Organic Organic Baby Carrots,veg_rtc_veg,vegetables,1lb,"		$2.49/eaSave! 2 for $4.00",2.49,eaSave! 2 for ,4,,
4119,Peeled Butternut Squash,Peeled Butternut Squash,veg_rtc_veg,vegetables,20oz,"		$4.99/ea",4.99,ea,,,
4120,FreshDirect Broccoli Florets,FreshDirect Broccoli Florets,veg_rtc_veg,vegetables,NA,"		$5.49/pkg",5.49,pkg,,,
4121,FreshDirect Broccoli Florets in Microwavable Bag,FreshDirect Broccoli Florets in Microwavable Bag,veg_rtc_veg,vegetables,8oz,"		$3.49/ea($6.98/lb)",3.49,ea(,6.98/lb),,
4124,FreshDirect Green Asparagus in Microwavable Bag,FreshDirect Green Asparagus in Microwavable Bag,veg_rtc_veg,vegetables,8oz,"		$5.99/ea($11.98/lb)",5.99,ea(,11.98/lb),,
4126,Honey Gold Micro Potatoes,Honey Gold Micro Potatoes,veg_rtc_veg,vegetables,16oz,"		$3.99/ea",3.99,ea,,,
4127,Ruby Micro Potatoes,Ruby Micro Potatoes,veg_rtc_veg,vegetables,16oz,"		$3.99/ea",3.99,ea,,,
4128,Organic Carrot & Celery Sticks,Organic Carrot & Celery Sticks,veg_rtc_veg,vegetables,14oz,"		$4.99/ea",4.99,ea,,,
4129,Organic Celery Sticks,Organic Celery Sticks,veg_rtc_veg,vegetables,14oz,"		$4.99/ea",4.99,ea,,,
4133,FreshDirect Cauliflower Florets in Microwavable Bag,FreshDirect Cauliflower Florets in Microwavable Bag,veg_rtc_veg,vegetables,10oz,"		$3.99/ea($6.33/lb)",3.99,ea(,6.33/lb),,
4135,FreshDirect White Cauliflower Florets,FreshDirect White Cauliflower Florets,veg_rtc_veg,vegetables,NA," 	$5.29/ea $6.99Save 24%($5.29/lb)",5.29,ea ,6.99Save 24%(5.29/lb),5.29/lb),
4137,Organic Carrot Sticks,Organic Carrot Sticks,veg_rtc_veg,vegetables,14oz,"		$4.99/ea",4.99,ea,,,
4146,FreshDirect Broccoli and Carrots in a Microwavable Bag,FreshDirect Broccoli and Carrots in a Microwavable Bag,veg_rtc_veg,vegetables,8oz,"		$4.49/ea($8.98/lb)",4.49,ea(,8.98/lb),,
4148,FreshDirect Vegetable Medley in Microwavable Bag,FreshDirect Vegetable Medley in Microwavable Bag,veg_rtc_veg,vegetables,8oz,"		$4.49/ea($8.98/lb)",4.49,ea(,8.98/lb),,
4149,FreshDirect Vegetable Mix for Stir-Fry in a Microwavable Bag,FreshDirect Vegetable Mix for Stir-Fry in a Microwavable Bag,veg_rtc_veg,vegetables,10oz,"		$4.99/ea($7.92/lb)",4.99,ea(,7.92/lb),,
4150,Honey Gold Creamer Potatoes,Honey Gold Creamer Potatoes,veg_rtc_veg,vegetables,28oz,"		$3.99/eaSave! 2 for $7.00",3.99,eaSave! 2 for ,7,,
4151,Microwavable Honey Gold Potatoes,Microwavable Honey Gold Potatoes,veg_rtc_veg,vegetables,16oz,"		$2.99/ea",2.99,ea,,,
4152,Tricolor Creamer Potatoes,Tricolor Creamer Potatoes,veg_rtc_veg,vegetables,24oz,"		$3.99/eaSave! 2 for $7.00",3.99,eaSave! 2 for ,7,,
4153,Tricolor Fingerling Potatoes,Tricolor Fingerling Potatoes,veg_rtc_veg,vegetables,28oz,"		$3.99/eaSave! 2 for $7.00",3.99,eaSave! 2 for ,7,,
4163,FreshDirect Bias-Cut Carrots in a Microwavable Bag,FreshDirect Bias-Cut Carrots in a Microwavable Bag,veg_rtc_veg,vegetables,8oz,"		$3.99/ea($7.98/lb)",3.99,ea(,7.98/lb),,
4164,FreshDirect Fajita Vegetable Mix,FreshDirect Fajita Vegetable Mix,veg_rtc_veg,vegetables,12oz,"		$4.99/ea($6.65/lb)",4.99,ea(,6.65/lb),,
4165,FreshDirect Snow Peas and Shiitake Mushrooms,FreshDirect Snow Peas and Shiitake Mushrooms,veg_rtc_veg,vegetables,4.4oz,"		$3.99/ea($14.25/lb)",3.99,ea(,14.25/lb),,
4168,Ruby Sensation Creamer Potatoes,Ruby Sensation Creamer Potatoes,veg_rtc_veg,vegetables,28oz,"		$3.99/eaSave! 2 for $7.00",3.99,eaSave! 2 for ,7,,
4169,Baby Shucked Corn,Baby Shucked Corn,veg_rtc_veg,vegetables,8oz,"		$4.99/ea",4.99,ea,,,
4176,"FreshDirect Snap Peas, Haricot Verts & Chinese Broccoli in a Microwavable Bag","FreshDirect Snap Peas, Haricot Verts & Chinese Broccoli in a Microwavable Bag",veg_rtc_veg,vegetables,8oz,"		$4.99/ea($9.98/lb)",4.99,ea(,9.98/lb),,
4179,FreshDirect Organic Broccoli,FreshDirect Organic Broccoli,veg_rtc_veg,vegetables,15oz," 	$2.99/ea $6.99Save 56%",2.99,ea ,6.99Save 56%,,
4180,FreshDirect Organic Broccoli & Cauliflower,FreshDirect Organic Broccoli & Cauliflower,veg_rtc_veg,vegetables,15oz," 	$3.99/ea $7.99Save 50%",3.99,ea ,7.99Save 50%,,
4181,FreshDirect Organic Cauliflower,FreshDirect Organic Cauliflower,veg_rtc_veg,vegetables,15oz," 	$2.99/ea $8.99Save 66%",2.99,ea ,8.99Save 66%,,
4182,FreshDirect Organic Tri-Color Pepper Grill Kit,FreshDirect Organic Tri-Color Pepper Grill Kit,veg_rtc_veg,vegetables,19oz," 	$5.99/ea $11.99Save 50%",5.99,ea ,11.99Save 50%,,
4183,FreshDirect Organic Summer Squash Grill Kit,FreshDirect Organic Summer Squash Grill Kit,veg_rtc_veg,vegetables,15oz," 	$0.00/null $6.99",0,null ,6.99,,
4184,True North Farm-Raised Atlantic Salmon Filet,True North Farm-Raised Atlantic Salmon Filet,fflt,seafood,8oz,"		$11.99/lb",11.99,lb,,,
4186,Farm-Raised Tilapia Fillet,Farm-Raised Tilapia Fillet,fflt,seafood,1.9oz,"		$9.99/lb",9.99,lb,,,
4187,Just FreshDirect Sweet Paprika,Just FreshDirect Sweet Paprika,fflt,seafood,1.9oz,"		$3.29/ea($27.42/lb)",3.29,ea(,27.42/lb),,
4188,"True North Farm-Raised Atlantic Salmon Filet, Center Cut, 1 Piece","True North Farm-Raised Atlantic Salmon Filet, Center Cut, 1 Piece",fflt,seafood,7-8oz,"		$7.49/ea",7.49,ea,,,
4189,Just FreshDirect Garlic Powder,Just FreshDirect Garlic Powder,fflt,seafood,2.8oz,"		$3.99/ea($22.17/lb)",3.99,ea(,22.17/lb),,
4190,Local Wild Flounder Fillet,Local Wild Flounder Fillet,fflt,seafood,8.9oz,"		$16.99/lb",16.99,lb,,,
4192,Wild Cod Fillet,Wild Cod Fillet,fflt,seafood,NA," 	$11.99/lb $15.99Save 25%",11.99,lb ,15.99Save 25%,,
4193,Organic Farm-Raised Salmon Fillet,Organic Farm-Raised Salmon Fillet,fflt,seafood,3.5oz,"		$18.99/lb",18.99,lb,,,
4194,organicgirl Mâche Rosettes,organicgirl Mâche Rosettes,fflt,seafood,3.5oz,"		$4.99/ea",4.99,ea,,,
4195,"True North Farm-Raised Atlantic Salmon Fillet, Family Pack","True North Farm-Raised Atlantic Salmon Fillet, Family Pack",fflt,seafood,NA,"		$9.99/lb",9.99,lb,,,
4196,Wild King Salmon Fillet,Wild King Salmon Fillet,fflt,seafood,NA," 	$15.99/lb $26.99Save 40%",15.99,lb ,26.99Save 40%,,
4197,Wild Halibut Fillet,Wild Halibut Fillet,fflt,seafood,NA,"		$29.99/lb",29.99,lb,,,
4198,Wild Lemon Sole Fillet,Wild Lemon Sole Fillet,fflt,seafood,NA,"		$17.99/lb",17.99,lb,,,
4199,True North Farm-Raised Atlantic Salmon Whole Side Filet,True North Farm-Raised Atlantic Salmon Whole Side Filet,fflt,seafood,NA,"		$8.99/lb",8.99,lb,,,
4200,"Wild Chilean Sea Bass Fillet, Previously Frozen","Wild Chilean Sea Bass Fillet, Previously Frozen",fflt,seafood,NA,"		$29.99/lb",29.99,lb,,,
4201,Wild Snapper Fillet,Wild Snapper Fillet,fflt,seafood,NA," 	$16.99/lb $24.99Save 32%",16.99,lb ,24.99Save 32%,,
4202,Farm-Raised Catfish Fillet,Farm-Raised Catfish Fillet,fflt,seafood,6 - 8 oz,"		$8.99/lb",8.99,lb,,,
4203,Local Wild Monkfish Fillet,Local Wild Monkfish Fillet,fflt,seafood,NA,"		$16.99/lb",16.99,lb,,,
4204,Wild Atlantic Pollock Fillet,Wild Atlantic Pollock Fillet,fflt,seafood,NA,"		$14.99/lb",14.99,lb,,,
4205,Copper River Seafoods Wild Alaskan Black Cod Fillet,Copper River Seafoods Wild Alaskan Black Cod Fillet,fflt,seafood,NA,"		$24.99/lb",24.99,lb,,,
4206,Wild Gray Sole Fillet,Wild Gray Sole Fillet,fflt,seafood,4-6 OZ,"		$26.99/lb",26.99,lb,,,
4207,Wild Spanish Mackerel Fillet,Wild Spanish Mackerel Fillet,fflt,seafood,6 - 8 oz," 	$10.99/lb $12.99Save 15%",10.99,lb ,12.99Save 15%,,
4208,Local Wild Bluefish Fillet,Local Wild Bluefish Fillet,fflt,seafood,NA,"		$8.99/lb",8.99,lb,,,
4209,Salt Cod Fillet,Salt Cod Fillet,fflt,seafood,16oz,"		$12.99/pkg",12.99,pkg,,,
4211,Wild Tilefish Fillet,Wild Tilefish Fillet,fflt,seafood,NA," 	$16.99/lb $19.99Save 15%",16.99,lb ,19.99Save 15%,,
4212,Wild Local Striped Bass Fillet,Wild Local Striped Bass Fillet,fflt,seafood,NA,"		$0.00/null",0,null,,,
4213,Wild Mahi-Mahi Fillet,Wild Mahi-Mahi Fillet,fflt,seafood,NA,"		$0.00/null",0,null,,,
4214,"Wild King Ivory Salmon Fillet, Fresh","Wild King Ivory Salmon Fillet, Fresh",fflt,seafood,NA,"		$0.00/null",0,null,,,
4215,Wild Monkfish Cheeks,Wild Monkfish Cheeks,fflt,seafood,NA,"		$0.00/null",0,null,,,
4222,If You Care Cheesecloth,If You Care Cheesecloth,gro_gear,grocery,2 sq yrds,"		$2.99/ea",2.99,ea,,,
4223,If You Care 100% Natural Cooking Twine,If You Care 100% Natural Cooking Twine,gro_gear,grocery,200ft,"		$2.99/ea",2.99,ea,,,
4224,Keurig Elite Coffee Brewing System - K40,Keurig Elite Coffee Brewing System - K40,gro_gear,grocery,NA,"		$124.99/ea",124.99,ea,,,
4225,OXO Good Grips 3-in-1 Avocado Slicer,OXO Good Grips 3-in-1 Avocado Slicer,gro_gear,grocery,NA,"		$7.99/ea($7.99/ct)",7.99,ea(,7.99/ct),,
4226,OXO Good Grips Apple Divider,OXO Good Grips Apple Divider,gro_gear,grocery,NA,"		$8.99/ea($8.99/ct)",8.99,ea(,8.99/ct),,
4227,OXO Good Grips Swivel Peeler,OXO Good Grips Swivel Peeler,gro_gear,grocery,NA,"		$8.99/ea($8.99/ct)",8.99,ea(,8.99/ct),,
4228,"Oyster Knife (2 7/8"")","Oyster Knife (2 7/8"")",gro_gear,grocery,NA,"		$6.99/ea",6.99,ea,,,
4229,Plum Blossom White 100% Pure Beeswax Hand Crafted Taper Candles,Plum Blossom White 100% Pure Beeswax Hand Crafted Taper Candles,gro_gear,grocery,1 pair,"		$5.99/ea($5.99/ct)",5.99,ea(,5.99/ct),,
4230,OXO Good Grips Strawberry Huller,OXO Good Grips Strawberry Huller,gro_gear,grocery,NA," 	$0.00/null $8.99($0.00/ct)",0,null ,8.99(0.00/ct),0.00/ct),
4231,Buitoni Spinach Cheese Tortellini,Buitoni Spinach Cheese Tortellini,frpas,pasta,9oz,"		$4.59/ea($8.20/lb)",4.59,ea(,8.20/lb),,
4232,Buitoni Four Cheese Ravioli,Buitoni Four Cheese Ravioli,frpas,pasta,9oz,"		$4.59/ea($8.20/lb)",4.59,ea(,8.20/lb),,
4233,Buitoni Three Cheese Tortellini,Buitoni Three Cheese Tortellini,frpas,pasta,9oz,"		$4.59/ea($8.20/lb)",4.59,ea(,8.20/lb),,
4237,Jolie Ravioli Cheese & Broccoli,Jolie Ravioli Cheese & Broccoli,frpas,pasta,12oz,"		$4.19/ea($5.59/lb)",4.19,ea(,5.59/lb),,
4238,"Just FreshDirect Four-Cheese Ravioli, Frozen","Just FreshDirect Four-Cheese Ravioli, Frozen",frpas,pasta,14oz,"		$5.99/ea($6.81/lb)",5.99,ea(,6.81/lb),,
4239,"Just FreshDirect Spinach Mozzarella Ravioli, Frozen","Just FreshDirect Spinach Mozzarella Ravioli, Frozen",frpas,pasta,14oz,"		$5.99/ea($6.81/lb)",5.99,ea(,6.81/lb),,
4240,"Seviroli Cheese Tortellini, Frozen","Seviroli Cheese Tortellini, Frozen",frpas,pasta,14oz bag,"		$3.19/ea($3.62/lb)",3.19,ea(,3.62/lb),,
4241,Seviroli Large Round Ravioli with Cheese,Seviroli Large Round Ravioli with Cheese,frpas,pasta,13oz bag,"		$3.29/ea($4.06/lb)",3.29,ea(,4.06/lb),,
4242,Seviroli Spinach & Cheese Ravioli,Seviroli Spinach & Cheese Ravioli,frpas,pasta,13oz bag,"		$3.29/ea($4.06/lb)",3.29,ea(,4.06/lb),,
4243,"Seviroli Tri-Color Cheese Tortellini, Frozen","Seviroli Tri-Color Cheese Tortellini, Frozen",frpas,pasta,14oz bag,"		$3.19/ea($3.62/lb)",3.19,ea(,3.62/lb),,
4244,The Ravioli Store 5 Cheese Ravioli,The Ravioli Store 5 Cheese Ravioli,frpas,pasta,12oz,"		$7.99/ea($10.65/lb)",7.99,ea(,10.65/lb),,
4245,The Ravioli Store Whole Wheat Spinach & Ricotta Ravioli,The Ravioli Store Whole Wheat Spinach & Ricotta Ravioli,frpas,pasta,12oz,"		$7.99/ea($10.65/lb)",7.99,ea(,10.65/lb),,
4246,The Ravioli Store Wild Mushroom & Truffle Ravioli (Saffron Pasta),The Ravioli Store Wild Mushroom & Truffle Ravioli (Saffron Pasta),frpas,pasta,12oz,"		$7.99/ea($10.65/lb)",7.99,ea(,10.65/lb),,
4250,Buitoni All Natural Wild Mushroom Agnolotti,Buitoni All Natural Wild Mushroom Agnolotti,frpas,pasta,9oz,"		$5.19/ea($9.27/lb)",5.19,ea(,9.27/lb),,
4252,Jolie Ravioli Cheese,Jolie Ravioli Cheese,frpas,pasta,12oz,"		$4.19/ea($5.59/lb)",4.19,ea(,5.59/lb),,
4253,"Just FreshDirect Butternut Squash Ravioli, Frozen","Just FreshDirect Butternut Squash Ravioli, Frozen",frpas,pasta,14oz,"		$6.99/ea($7.94/lb)",6.99,ea(,7.94/lb),,
4254,"Just FreshDirect Portobello Mushroom Ravioli, Frozen","Just FreshDirect Portobello Mushroom Ravioli, Frozen",frpas,pasta,14oz,"		$6.99/ea($7.94/lb)",6.99,ea(,7.94/lb),,
4255,"Seviroli Meat-Filled Tortellini, Frozen","Seviroli Meat-Filled Tortellini, Frozen",frpas,pasta,14oz bag,"		$3.19/ea($3.62/lb)",3.19,ea(,3.62/lb),,
4256,The Ravioli Store Pumpkin Ravioli (Dairy Free),The Ravioli Store Pumpkin Ravioli (Dairy Free),frpas,pasta,12oz,"		$7.99/ea($10.65/lb)",7.99,ea(,10.65/lb),,
4257,The Ravioli Store Tomato & Mozzarella Ravioli,The Ravioli Store Tomato & Mozzarella Ravioli,frpas,pasta,12oz,"		$8.99/ea($11.99/lb)",8.99,ea(,11.99/lb),,
4258,The Ravioli Store Walnut & Basil Pesto Ravioli,The Ravioli Store Walnut & Basil Pesto Ravioli,frpas,pasta,12oz,"		$7.99/ea($10.65/lb)",7.99,ea(,10.65/lb),,
4263,Ocean Mist Farms Organic Artichoke,Ocean Mist Farms Organic Artichoke,veg_org,shop,(approx 8oz each),"		$4.99/eaSave! 2 for $9.00",4.99,eaSave! 2 for ,9,,
4265,Organic Green Zucchini,Organic Green Zucchini,veg_org,shop,NA,"		$2.99/lb",2.99,lb,,,
4267,Organic Butternut Squash,Organic Butternut Squash,veg_org,shop,(ranges 3 - 6lbs),"		$2.49/lb",2.49,lb,,,
4268,Organic Spaghetti Squash,Organic Spaghetti Squash,veg_org,shop,(ranges 1 - 2lbs),"		$2.29/lb",2.29,lb,,,
4269,Organic Acorn Squash,Organic Acorn Squash,veg_org,shop,(ranges 2 - 5lbs),"		$2.29/lb",2.29,lb,,,
4271,Organic Yellow Zucchini,Organic Yellow Zucchini,veg_org,shop,NA,"		$0.00/null",0,null,,,
4273,Organic Broccoli,Organic Broccoli,veg_org,shop,(about 1lb per bunch)," 	$3.99/ea $4.99Save 20%",3.99,ea ,4.99Save 20%,,
4275,Organic Cauliflower,Organic Cauliflower,veg_org,shop,34oz,"		$5.99/eaSave! 2 for $11.00",5.99,eaSave! 2 for ,11,,
4277,Organic Broccolette,Organic Broccolette,veg_org,shop,33.8oz,"		$4.99/ea",4.99,ea,,,
4279,Local Organic Broccoli,Local Organic Broccoli,veg_org,shop,NA," 	$3.99/ea $4.99Save! 2 for $7.00",3.99,ea ,4.99Save! 2 for 7,7,
4291,"Cal-Organic Organic Carrots, Bag","Cal-Organic Organic Carrots, Bag",veg_org,shop,1lb,"		$1.99/eaSave! 2 for $3.00",1.99,eaSave! 2 for ,3,,
4292,Cal-Organic Jumbo Carrots,Cal-Organic Jumbo Carrots,veg_org,shop,NA,"		$1.99/lb",1.99,lb,,,
4293,"Organic Celery, Medium","Organic Celery, Medium",veg_org,shop,(about 1lb ea),"		$3.99/eaSave! 2 for $7.00",3.99,eaSave! 2 for ,7,,
4294,Organic Bunch Carrots,Organic Bunch Carrots,veg_org,shop,NA,"		$2.99/ea",2.99,ea,,,
4296,Organic Celery Hearts,Organic Celery Hearts,veg_org,shop,(2 per bag),"		$4.49/ea",4.49,ea,,,
4297,"Cal-Organic Multi-Color Carrots, Bunch","Cal-Organic Multi-Color Carrots, Bunch",veg_org,shop,1.5lb,"		$3.99/eaSave! 2 for $7.00",3.99,eaSave! 2 for ,7,,
4301,Cal-Organic Organic Carrot Chips,Cal-Organic Organic Carrot Chips,veg_org,shop,16oz,"		$3.99/eaSave! 2 for $7.00",3.99,eaSave! 2 for ,7,,
4308,Cal-Organic Baby Carrot Snack Packs,Cal-Organic Baby Carrot Snack Packs,veg_org,shop,"(6 pack, 2oz each)","		$0.00/null",0,null,,,
4309,"Organic Green Cucumber, Medium","Organic Green Cucumber, Medium",veg_org,shop,NA," 	$1.49/ea $1.99Save! 4 for $4.00",1.49,ea ,1.99Save! 4 for 4,4,
4310,Organic Greenhouse Cucumber,Organic Greenhouse Cucumber,veg_org,shop,about 5-7oz ea,"		$3.99/ea",3.99,ea,,,
4313,Organic Red Greenhouse Bell Pepper,Organic Red Greenhouse Bell Pepper,veg_org,shop,NA,"		$4.99/lb",4.99,lb,,,
4316,Organic Orange Greenhouse Bell Peppers,Organic Orange Greenhouse Bell Peppers,veg_org,shop,NA,"		$4.99/lb",4.99,lb,,,
4317,Organic Yellow Greenhouse Bell Peppers,Organic Yellow Greenhouse Bell Peppers,veg_org,shop,NA,"		$4.99/lb",4.99,lb,,,
4320,Organic Green Bell Pepper,Organic Green Bell Pepper,veg_org,shop,NA,"		$3.99/lb",3.99,lb,,,
4323,Organic Stoplight Peppers,Organic Stoplight Peppers,veg_org,shop,1.3lb,"		$7.99/ea",7.99,ea,,,
4324,Organic Eggplant,Organic Eggplant,veg_org,shop,34oz,"		$2.99/lb",2.99,lb,,,
4326,"Organic Green Peppers, 2lb Bag ","Organic Green Peppers, 2lb Bag ",veg_org,shop,2lb,"		$6.99/ea",6.99,ea,,,
4328,Organic Sweet Mini Bell Peppers,Organic Sweet Mini Bell Peppers,veg_org,shop,8oz,"		$0.00/null",0,null,,,
4329,Organic Cilantro,Organic Cilantro,veg_org,shop,NA,"		$2.49/ea",2.49,ea,,,
4330,Organic Italian Parsley,Organic Italian Parsley,veg_org,shop,NA,"		$2.49/ea",2.49,ea,,,
4331,Organic Basil,Organic Basil,veg_org,shop,2oz,"		$3.99/ea",3.99,ea,,,
4332,Organic Mint,Organic Mint,veg_org,shop,0.75oz,"		$2.49/ea",2.49,ea,,,
4333,Organic Dill,Organic Dill,veg_org,shop,NA,"		$2.49/ea",2.49,ea,,,
4334,Earthbound Farm Organic Washed & Trimmed Cilantro,Earthbound Farm Organic Washed & Trimmed Cilantro,veg_org,shop,3oz,"		$2.99/ea",2.99,ea,,,
4335,Organic Chives,Organic Chives,veg_org,shop,0.75oz,"		$2.49/ea",2.49,ea,,,
4336,Organic Rosemary,Organic Rosemary,veg_org,shop,NA,"		$2.49/ea",2.49,ea,,,
4337,Organic Thyme,Organic Thyme,veg_org,shop,.75oz,"		$2.49/ea",2.49,ea,,,
4338,Organic Oregano,Organic Oregano,veg_org,shop,0.75oz,"		$2.49/ea",2.49,ea,,,
4339,Organic Sage,Organic Sage,veg_org,shop,0.75oz,"		$2.49/ea",2.49,ea,,,
4340,Organic Tarragon,Organic Tarragon,veg_org,shop,0.75oz,"		$2.49/ea",2.49,ea,,,
4341,Lancaster Farm Fresh Cooperative Local Organic Green Kale,Lancaster Farm Fresh Cooperative Local Organic Green Kale,veg_org,shop,1lb," 	$2.99/ea $3.49Save 14%",2.99,ea ,3.49Save 14%,,
4343,Lancaster Farm Fresh Cooperative Local Organic Lacinato Kale,Lancaster Farm Fresh Cooperative Local Organic Lacinato Kale,veg_org,shop,0.7lb," 	$2.49/ea $3.49Save! 2 for $4.00",2.49,ea ,3.49Save! 2 for 4,4,
4344,Organic Redbor Kale,Organic Redbor Kale,veg_org,shop,NA," 	$2.99/ea $3.49Save 14%",2.99,ea ,3.49Save 14%,,
4345,Organic Collard Greens (bunch),Organic Collard Greens (bunch),veg_org,shop,NA," 	$2.99/ea $3.49Any 2 Select Greens for $5.00Mix'n'Match",2.99,ea ,3.49Any 2 Select Greens for 5.00Mix'n'Match,5.00Mix'n'Match,
4346,Blue Moon Acres Organic Spring Mix,Blue Moon Acres Organic Spring Mix,veg_org,shop,5oz,"		$4.99/eaAny 2 Blue Moon Leafy Greens for $7.00Mix'n'Match",4.99,eaAny 2 Blue Moon Leafy Greens for ,7.00Mix'n'Match,,
4347,Local Organic Rainbow Swiss Chard,Local Organic Rainbow Swiss Chard,veg_org,shop,1lb," 	$2.99/ea $3.49Any 2 Select Greens for $5.00Mix'n'Match",2.99,ea ,3.49Any 2 Select Greens for 5.00Mix'n'Match,5.00Mix'n'Match,
4348,Organic Dandelion Greens,Organic Dandelion Greens,veg_org,shop,(about 8oz per bunch)," 	$2.99/ea $3.99Any 2 Select Greens for $5.00Mix'n'Match",2.99,ea ,3.99Any 2 Select Greens for 5.00Mix'n'Match,5.00Mix'n'Match,
4349,Organic Green Swiss Chard,Organic Green Swiss Chard,veg_org,shop,(about 1lb per bunch)," 	$2.99/ea $3.49Any 2 Select Greens for $5.00Mix'n'Match",2.99,ea ,3.49Any 2 Select Greens for 5.00Mix'n'Match,5.00Mix'n'Match,
4350,Blue Moon Acres Organic Baby Arugula,Blue Moon Acres Organic Baby Arugula,veg_org,shop,5oz,"		$4.99/eaAny 2 Blue Moon Leafy Greens for $7.00Mix'n'Match",4.99,eaAny 2 Blue Moon Leafy Greens for ,7.00Mix'n'Match,,
4351,Blue Moon Acres Organic Baby Spinach,Blue Moon Acres Organic Baby Spinach,veg_org,shop,5oz,"		$4.99/eaAny 2 Blue Moon Leafy Greens for $7.00Mix'n'Match",4.99,eaAny 2 Blue Moon Leafy Greens for ,7.00Mix'n'Match,,
4352,Lancaster Farm Fresh Cooperative Local Organic Red Swiss Chard,Lancaster Farm Fresh Cooperative Local Organic Red Swiss Chard,veg_org,shop,1lb," 	$2.99/ea $3.49Save 14%",2.99,ea ,3.49Save 14%,,
4353,Organic Mustard Greens,Organic Mustard Greens,veg_org,shop,(approx. 0.5lb per bunch),"		$3.49/eaSave! 2 for $6.00",3.49,eaSave! 2 for ,6,,
4354,Local Organic Escarole,Local Organic Escarole,veg_org,shop,1.3lb,"		$2.99/ea",2.99,ea,,,
4355,Organic Spinach,Organic Spinach,veg_org,shop,(approx 8oz per bunch),"		$0.00/null",0,null,,,
4356,Organic Romaine Hearts,Organic Romaine Hearts,veg_org,shop,NA,"		$4.99/ea",4.99,ea,,,
4357,Lancaster Farm Fresh Cooperative Local Organic Romaine Lettuce,Lancaster Farm Fresh Cooperative Local Organic Romaine Lettuce,veg_org,shop,1lb," 	$2.49/ea $3.49Save 28%",2.49,ea ,3.49Save 28%,,
4358,Organic Romaine,Organic Romaine,veg_org,shop,(about 14oz per head),"		$3.49/eaSave! 2 for $6.00",3.49,eaSave! 2 for ,6,,
4360,Local Organic Red Leaf Lettuce,Local Organic Red Leaf Lettuce,veg_org,shop,1.12lb,"		$2.49/ea",2.49,ea,,,
4361,Organic Boston Lettuce,Organic Boston Lettuce,veg_org,shop,NA," 	$1.49/ea $2.99Save 50%",1.49,ea ,2.99Save 50%,,
4362,Organic Arugula,Organic Arugula,veg_org,shop,(about 10oz per bunch),"		$2.49/ea",2.49,ea,,,
4364,Organic Green Leaf Lettuce,Organic Green Leaf Lettuce,veg_org,shop,(about 1lb per head),"		$3.49/eaSave! 2 for $6.00",3.49,eaSave! 2 for ,6,,
4365,Organic Radicchio,Organic Radicchio,veg_org,shop,NA,"		$3.99/ea",3.99,ea,,,
4366,Blue Moon Acres Organic Baby Romaine Mix,Blue Moon Acres Organic Baby Romaine Mix,veg_org,shop,5oz," 	$3.99/ea $4.99Any 2 Blue Moon Leafy Greens for $7.00Mix'n'Match",3.99,ea ,4.99Any 2 Blue Moon Leafy Greens for 7.00Mix'n'Match,7.00Mix'n'Match,
4367,Organic Iceberg Lettuce,Organic Iceberg Lettuce,veg_org,shop,1.42lb,"		$0.00/null",0,null,,,
4368,organicgirl Baby Spinach,organicgirl Baby Spinach,veg_org,shop,5oz,"		$4.49/ea",4.49,ea,,,
4369,organicgirl Baby Arugula,organicgirl Baby Arugula,veg_org,shop,5oz,"		$4.49/eaSave! 2 for $8.00",4.49,eaSave! 2 for ,8,,
4370,organicgirl I Love Baby Kale,organicgirl I Love Baby Kale,veg_org,shop,5oz,"		$4.49/ea",4.49,ea,,,
4371,organicgirl Supergreens,organicgirl Supergreens,veg_org,shop,5oz,"		$4.49/eaSave! 2 for $8.00",4.49,eaSave! 2 for ,8,,
4373,organicgirl 50/50,organicgirl 50/50,veg_org,shop,5oz,"		$4.49/eaSave! 2 for $8.00",4.49,eaSave! 2 for ,8,,
4374,organicgirl Baby Spinach & Arugula,organicgirl Baby Spinach & Arugula,veg_org,shop,5oz,"		$4.49/ea",4.49,ea,,,
4377,Pete's Greens Organic Baby Arugula,Pete's Greens Organic Baby Arugula,veg_org,shop,5oz," 	$3.99/ea $4.99Any 2 Pete's Greens for $7.00Mix'n'Match",3.99,ea ,4.99Any 2 Pete's Greens for 7.00Mix'n'Match,7.00Mix'n'Match,
4378,Pete's Greens Organic Mountain Mesclun Salad Mix,Pete's Greens Organic Mountain Mesclun Salad Mix,veg_org,shop,5oz,"		$4.99/eaAny 2 Pete's Greens for $7.00Mix'n'Match",4.99,eaAny 2 Pete's Greens for ,7.00Mix'n'Match,,
4379,Pete's Greens Organic Braising Greens,Pete's Greens Organic Braising Greens,veg_org,shop,5oz," 	$3.99/ea $4.99Any 2 Pete's Greens for $7.00Mix'n'Match",3.99,ea ,4.99Any 2 Pete's Greens for 7.00Mix'n'Match,7.00Mix'n'Match,
4380,"organicgirl Sweet, Buttery Mâche Blend","organicgirl Sweet, Buttery Mâche Blend",veg_org,shop,3.5oz,"		$0.00/null",0,null,,,
4386,Organic Jewel Yam,Organic Jewel Yam,veg_org,shop,NA,"		$2.49/lb",2.49,lb,,,
4388,"Organic Yams, Bag","Organic Yams, Bag",veg_org,shop,3lbs,"		$5.99/ea",5.99,ea,,,
4389,"Organic Fingerling Yams, Packaged","Organic Fingerling Yams, Packaged",veg_org,shop,16oz,"		$3.49/eaSave! 2 for $6.00",3.49,eaSave! 2 for ,6,,
4391,"Organic Russet Potato, Bag","Organic Russet Potato, Bag",veg_org,shop,5lb,"		$5.99/ea",5.99,ea,,,
4392,"Organic Yukon Gold Potatoes, Bag","Organic Yukon Gold Potatoes, Bag",veg_org,shop,3lb bag,"		$5.99/ea",5.99,ea,,,
4398,Pete's Greens Organic Potatoes,Pete's Greens Organic Potatoes,veg_org,shop,3lbs,"		$6.99/ea",6.99,ea,,,
4412,"Fruit & Cheese Platter, Large","Fruit & Cheese Platter, Large",cat_breakfast,catering,approx. 7.25lbs (Serves 10-12),"		$49.99/ea",49.99,ea,,,
4416,"Sliced Fruit Platter, Large","Sliced Fruit Platter, Large",cat_breakfast,catering,about 6.5lb (Serves 8-10),"		$49.00/ea",49,ea,,,
4418,"Assorted Breakfast Sandwiches Platter, Small","Assorted Breakfast Sandwiches Platter, Small",cat_breakfast,catering,"12 pcs, approx 2.8lbs","		$36.00/ea",36,ea,,,
4419,"Assorted Brunch Pastry Platter, Large","Assorted Brunch Pastry Platter, Large",cat_breakfast,catering,"(33pcs, Serves 15-18)","		$35.00/ea",35,ea,,,
4420,"Assorted Brunch Pastry Platter, Small","Assorted Brunch Pastry Platter, Small",cat_breakfast,catering,"(20pcs, Serves 10-12)","		$19.00/ea",19,ea,,,
4421,Coffee Pastries Platter,Coffee Pastries Platter,cat_breakfast,catering,34 pcs (Serves 10-15),"		$35.00/ea",35,ea,,,
4422,"Grape & Strawberry Platter, Large","Grape & Strawberry Platter, Large",cat_breakfast,catering,"16"" (Serves 15-20, approx. 9lb)","		$75.00/ea",75,ea,,,
4423,"Grape & Strawberry Platter, Small","Grape & Strawberry Platter, Small",cat_breakfast,catering,"12"" (Serves 12-16, approx. 4.5lb)","		$50.00/ea",50,ea,,,
4424,"Homemade Granola Platter, Large","Homemade Granola Platter, Large",cat_breakfast,catering,12 yogurt cups (Serves up to 12),"		$40.00/ea",40,ea,,,
4425,"Homemade Granola Platter, Small","Homemade Granola Platter, Small",cat_breakfast,catering,6 yogurt cups (Serves up to 6),"		$24.00/ea",24,ea,,,
4426,International Smoked Salmon Sampler Platter,International Smoked Salmon Sampler Platter,cat_breakfast,catering,"Serves 8-12, 1.75lbs salmon","		$99.99/ea",99.99,ea,,,
4427,Mini Bagel Assortment,Mini Bagel Assortment,cat_breakfast,catering,18 mini bagels,"		$25.00/ea",25,ea,,,
4429,"Mini Brioche Brunch Platter, Large","Mini Brioche Brunch Platter, Large",cat_breakfast,catering,(30 pieces),"		$40.00/ea",40,ea,,,
4430,"Mini Brioche Brunch Platter, Small","Mini Brioche Brunch Platter, Small",cat_breakfast,catering,(18 pieces),"		$29.00/ea",29,ea,,,
4431,"Muffin Assortment Platter, Large","Muffin Assortment Platter, Large",cat_breakfast,catering,20 muffins,"		$35.00/ea",35,ea,,,
4432,"Muffin Assortment Platter, Small","Muffin Assortment Platter, Small",cat_breakfast,catering,12 muffins,"		$29.00/ea",29,ea,,,
4433,Shortbread & Grapes Platter,Shortbread & Grapes Platter,cat_breakfast,catering,4.5lbs (Serves 8-10),"		$29.00/ea",29,ea,,,
4434,"Sliced Fruit Platter, Small","Sliced Fruit Platter, Small",cat_breakfast,catering,about 3lb (Serves 3-5),"		$19.99/ea",19.99,ea,,,
4435,"Smoked Fish Bounty with Bread, Large","Smoked Fish Bounty with Bread, Large",cat_breakfast,catering,"(Serves 12, 5lb fish, 18 bagels)","		$195.00/ea",195,ea,,,
4436,"Smoked Fish Bounty with Bread, Small","Smoked Fish Bounty with Bread, Small",cat_breakfast,catering,"(Serves 8-10, approx 2.25lbs fish, 8 bagels)","		$125.00/ea",125,ea,,,
4437,"Smoked Fish Bounty without Bread, Large","Smoked Fish Bounty without Bread, Large",cat_breakfast,catering,"(Serves 12, 5lb fish)","		$175.00/ea",175,ea,,,
4438,"Smoked Salmon Breakfast Platter with Bread, Large","Smoked Salmon Breakfast Platter with Bread, Large",cat_breakfast,catering,"(Serves 15, 2lb fish)","		$95.00/ea",95,ea,,,
4439,"Smoked Salmon Breakfast Platter with Bread, Small","Smoked Salmon Breakfast Platter with Bread, Small",cat_breakfast,catering,"(Serves 7, approx 1lb fish, 8 bagels)","		$70.00/ea",70,ea,,,
4440,"Smoked Salmon Breakfast Platter without Bread, Large","Smoked Salmon Breakfast Platter without Bread, Large",cat_breakfast,catering,"(Serves 15, 2lb fish)","		$85.00/ea",85,ea,,,
4441,"Tea Time Pastry Platter, Large","Tea Time Pastry Platter, Large",cat_breakfast,catering,serves 15-20 (approx. 47pcs),"		$45.00/ea",45,ea,,,
4442,"Tea Time Pastry Platter, Medium","Tea Time Pastry Platter, Medium",cat_breakfast,catering,serves 10-12 (approx. 35 pcs),"		$37.00/ea",37,ea,,,
4443,"Tea Time Pastry Platter, Small","Tea Time Pastry Platter, Small",cat_breakfast,catering,serves 6-8 (approx. 21 pcs),"		$22.00/ea",22,ea,,,
4446,Adirondack Seltzer Lemon-Lime Carbonated Water,Adirondack Seltzer Lemon-Lime Carbonated Water,bev_local,shop,12oz cans 12pk,"		$4.19/ea($0.47/pt)",4.19,ea(,0.47/pt),,
4447,"Adirondack Seltzer Original Seltzer, Case","Adirondack Seltzer Original Seltzer, Case",bev_local,shop,1 liter bottle 12pk,"		$6.49/cs($0.26/pt)",6.49,cs(,0.26/pt),,
4448,"Adirondack Seltzer, Mandarin Orange","Adirondack Seltzer, Mandarin Orange",bev_local,shop,12oz cans 12pk,"		$4.19/ea($0.47/pt)",4.19,ea(,0.47/pt),,
4449,Adirondack Seltzer Original Seltzer,Adirondack Seltzer Original Seltzer,bev_local,shop,12oz cans 12pk,"		$4.19/ea($0.47/pt)",4.19,ea(,0.47/pt),,
4450,"Adirondack Seltzer, Lemon-Lime Carbonated Water, Case","Adirondack Seltzer, Lemon-Lime Carbonated Water, Case",bev_local,shop,"1 liter bottle, Case of 12","		$6.49/cs($0.26/pt)",6.49,cs(,0.26/pt),,
4451,Brooklyn Brewery Lager,Brooklyn Brewery Lager,bev_local,shop,12oz bottles 6pk,"		$10.99/ea($2.44/pt)",10.99,ea(,2.44/pt),,
4458,Adirondack Seltzer Original Seltzer,Adirondack Seltzer Original Seltzer,bev_local,shop,20oz bottles 6pk,"		$2.79/ea($0.37/pt)",2.79,ea(,0.37/pt),,
4459,"Adirondack Seltzer, Lemon-Lime Carbonated Water","Adirondack Seltzer, Lemon-Lime Carbonated Water",bev_local,shop,20oz bottles 6pk,"		$2.79/ea($0.37/pt)",2.79,ea(,0.37/pt),,
4460,"Adirondack Seltzer, Mandarin Orange","Adirondack Seltzer, Mandarin Orange",bev_local,shop,20oz bottles 6pk,"		$2.79/ea($0.37/pt)",2.79,ea(,0.37/pt),,
4461,"Adirondack Seltzer, Mandarin Orange, Case","Adirondack Seltzer, Mandarin Orange, Case",bev_local,shop,"1 liter bottle, Case of 12","		$6.49/cs($0.26/pt)",6.49,cs(,0.26/pt),,
4462,Boylan's Black Cherry Soda,Boylan's Black Cherry Soda,bev_local,shop,12oz bottles 4pk,"		$5.59/ea($1.86/pt)",5.59,ea(,1.86/pt),,
4463,Boylan's Creme Soda,Boylan's Creme Soda,bev_local,shop,12oz bottles 4pk,"		$5.59/ea($1.86/pt)",5.59,ea(,1.86/pt),,
4464,Boylan's Orange Soda,Boylan's Orange Soda,bev_local,shop,12oz bottles 4pk,"		$5.59/ea($1.86/pt)",5.59,ea(,1.86/pt),,
4465,Boylan's Root Beer,Boylan's Root Beer,bev_local,shop,12oz bottles 4pk,"		$5.59/ea($1.86/pt)",5.59,ea(,1.86/pt),,
4466,Brooklyn Brewery East India Pale Ale,Brooklyn Brewery East India Pale Ale,bev_local,shop,12oz bottles 6pk,"		$10.99/ea($2.44/pt)",10.99,ea(,2.44/pt),,
4467,Brooklyn Brewery Pilsner,Brooklyn Brewery Pilsner,bev_local,shop,12oz bottles 6pk,"		$10.99/ea($2.44/pt)",10.99,ea(,2.44/pt),,
4468,Brooklyn Brewery Summer Ale,Brooklyn Brewery Summer Ale,bev_local,shop,"12oz bottles, 6pk","		$10.99/ea",10.99,ea,,,
4469,"Bruce Cost Fresh Ginger Ginger Ale, Original","Bruce Cost Fresh Ginger Ginger Ale, Original",bev_local,shop,12oz bottles 4pk,"		$6.49/ea($1.44/pt)",6.49,ea(,1.44/pt),,
4475,"Q Ginger, A Superior Ginger Ale","Q Ginger, A Superior Ginger Ale",bev_local,shop,8oz bottles 4pk," 	$5.99/ea $7.49Save 20%($3.00/pt)",5.99,ea ,7.49Save 20%(3.00/pt),3.00/pt),
4476,"Q Tonic, A Superior Tonic Water","Q Tonic, A Superior Tonic Water",bev_local,shop,"8oz bottles, 4pk"," 	$5.99/ea $7.49Save 20%($3.00/pt)",5.99,ea ,7.49Save 20%(3.00/pt),3.00/pt),
4481,Sixpoint Brewery Bengali IPA,Sixpoint Brewery Bengali IPA,bev_local,shop,"12oz ea, 6pk","		$11.99/ea($2.66/pt)",11.99,ea(,2.66/pt),,
4482,Sixpoint Brewery Sweet Action Cream Ale,Sixpoint Brewery Sweet Action Cream Ale,bev_local,shop,"12oz ea, 6pk"," 	$10.49/ea $11.99Any 2 Varieties for $20.00($2.33/pt)Mix'n'Match",10.49,ea ,11.99Any 2 Varieties for 20.00(2.33/pt)Mix'n'Match,20.00(,2.33/pt)Mix'n'Match
4483,Sixpoint Brewery The Crisp Pilz,Sixpoint Brewery The Crisp Pilz,bev_local,shop,"12oz ea, 6pk","		$11.99/ea($2.66/pt)",11.99,ea(,2.66/pt),,
4484,"Boylan's Creme Soda, Case","Boylan's Creme Soda, Case",bev_local,shop,"12oz bottle, 24 per case","		$29.99/cs($1.67/pt)",29.99,cs(,1.67/pt),,
4485,"Boylan's Orange Soda, Case","Boylan's Orange Soda, Case",bev_local,shop,"12oz bottle, 24 per case","		$29.99/cs($1.67/pt)",29.99,cs(,1.67/pt),,
4486,"Boylan's Root Beer, Case","Boylan's Root Beer, Case",bev_local,shop,"12oz bottles, 24 per case","		$29.99/cs($1.67/pt)",29.99,cs(,1.67/pt),,
4487,Brooklyn Brewery Black Chocolate Stout,Brooklyn Brewery Black Chocolate Stout,bev_local,shop,12oz bottles 4pk,"		$10.99/ea($3.66/pt)",10.99,ea(,3.66/pt),,
4488,Brooklyn Brewery Black Ops,Brooklyn Brewery Black Ops,bev_local,shop,750ml,"		$24.99/ea($15.72/pt)",24.99,ea(,15.72/pt),,
4489,Brooklyn Brewery Brown Ale,Brooklyn Brewery Brown Ale,bev_local,shop,12oz bottles 6pk,"		$10.99/ea($2.44/pt)",10.99,ea(,2.44/pt),,
4490,Brooklyn Brewery Local 2 Ale,Brooklyn Brewery Local 2 Ale,bev_local,shop,750ml,"		$10.99/ea($6.91/pt)",10.99,ea(,6.91/pt),,
4491,Brooklyn Brewery Sorachi Ace Ale,Brooklyn Brewery Sorachi Ace Ale,bev_local,shop,750ml,"		$10.99/ea($6.91/pt)",10.99,ea(,6.91/pt),,
4492,"Bruce Cost Fresh Ginger Ginger Ale, Pomegranate with Hibiscus","Bruce Cost Fresh Ginger Ginger Ale, Pomegranate with Hibiscus",bev_local,shop,12oz bottles 4pk,"		$6.49/ea($1.44/pt)",6.49,ea(,1.44/pt),,
4496,Ommegang Abbey Ale,Ommegang Abbey Ale,bev_local,shop,750mL bottle,"		$9.99/ea($6.28/pt)",9.99,ea(,6.28/pt),,
4497,Ommegang Hennepin Farmhouse Ale,Ommegang Hennepin Farmhouse Ale,bev_local,shop,750mL bottle,"		$10.99/ea($6.91/pt)",10.99,ea(,6.91/pt),,
4498,Ommegang Three Philosophers Ale,Ommegang Three Philosophers Ale,bev_local,shop,750ml,"		$12.99/ea($8.17/pt)",12.99,ea(,8.17/pt),,
4499,"Q Ginger, A Superior Ginger Ale 4pk, Case","Q Ginger, A Superior Ginger Ale 4pk, Case",bev_local,shop,"24 per case, 8floz ea"," 	$30.89/cs $39.99Save 22%($2.57/pt)",30.89,cs ,39.99Save 22%(2.57/pt),2.57/pt),
4500,"Q Tonic, A Superior Tonic Water","Q Tonic, A Superior Tonic Water",bev_local,shop,750ml," 	$4.09/ea $5.49Save 25%($2.57/pt)",4.09,ea ,5.49Save 25%(2.57/pt),2.57/pt),
4501,"Q Tonic, A Superior Tonic Water 4pk, Case","Q Tonic, A Superior Tonic Water 4pk, Case",bev_local,shop,"24 per case, 8floz ea"," 	$30.89/cs $39.99Save 22%($2.57/pt)",30.89,cs ,39.99Save 22%(2.57/pt),2.57/pt),
4502,"Q Tonic, A Superior Tonic Water, Case","Q Tonic, A Superior Tonic Water, Case",bev_local,shop,"12 per case, 750ml ea"," 	$45.79/cs $58.99Save 22%($2.41/pt)",45.79,cs ,58.99Save 22%(2.41/pt),2.41/pt),
4511,Smuttynose Hayseed,Smuttynose Hayseed,bev_local,shop,12oz bottles 6pk,"		$10.99/ea",10.99,ea,,,
4512,Smuttynose India Pale Ale,Smuttynose India Pale Ale,bev_local,shop,12oz bottles 6pk,"		$10.99/ea($2.44/pt)",10.99,ea(,2.44/pt),,
4513,Smuttynose Variety Sampler,Smuttynose Variety Sampler,bev_local,shop,12oz bottles 12pk,"		$21.99/ea($2.44/pt)",21.99,ea(,2.44/pt),,
4522,Victory Brewing Co. HopDevil India Pale Ale,Victory Brewing Co. HopDevil India Pale Ale,bev_local,shop,12oz bottles 6pk,"		$11.99/ea($2.66/pt)",11.99,ea(,2.66/pt),,
4523,Victory Brewing Co. Taste of Victory Variety Pack,Victory Brewing Co. Taste of Victory Variety Pack,bev_local,shop,12oz bottles 12pk,"		$21.99/ea($2.44/pt)",21.99,ea(,2.44/pt),,
4524,Boylan's Diet Black Cherry Soda,Boylan's Diet Black Cherry Soda,bev_local,shop,12oz bottles 4pk,"		$0.00/null($0.00/pt)",0,null(,0.00/pt),,
4525,Boylan's Ginger Ale,Boylan's Ginger Ale,bev_local,shop,12oz bottles 4pk,"		$0.00/null($0.00/pt)",0,null(,0.00/pt),,
4526,Brooklyn Brewery Variety Pack,Brooklyn Brewery Variety Pack,bev_local,shop,12oz bottles 12pk," 	$0.00/null $21.99Any 2 12pk Beer for $32.00($0.00/pt)Mix'n'Match",0,null ,21.99Any 2 12pk Beer for 32.00(0.00/pt)Mix'n'Match,32.00(,0.00/pt)Mix'n'Match
4527,Brooklyn Brewery Local 1 Ale,Brooklyn Brewery Local 1 Ale,bev_local,shop,750ml,"		$0.00/null($0.00/pt)",0,null(,0.00/pt),,
4530,Heinz Ketchup Squeezable,Heinz Ketchup Squeezable,gro_condi,pantry,20oz,"		$2.59/ea($2.07/pt)",2.59,ea(,2.07/pt),,
4531,Heinz Regular Ketchup,Heinz Regular Ketchup,gro_condi,pantry,38oz,"		$3.59/ea($1.51/pt)",3.59,ea(,1.51/pt),,
4532,Hellmann's Real Mayonnaise,Hellmann's Real Mayonnaise,gro_condi,pantry,15oz,"		$3.79/ea($4.03/pt)",3.79,ea(,4.03/pt),,
4533,Huy Fong Sriracha Hot Chili Pepper Sauce,Huy Fong Sriracha Hot Chili Pepper Sauce,gro_condi,pantry,17oz.,"		$3.59/ea($3.39/pt)",3.59,ea(,3.39/pt),,
4534,Kikkoman Lite Soy Sauce,Kikkoman Lite Soy Sauce,gro_condi,pantry,10oz,"		$2.79/ea($4.43/pt)",2.79,ea(,4.43/pt),,
4535,Sea's Gift Roasted Seaweed Snack,Sea's Gift Roasted Seaweed Snack,gro_condi,pantry,"3pk, 0.17oz ea","		$2.49/ea",2.49,ea,,,
4538,Wholly Guacamole Classic Snack Pack,Wholly Guacamole Classic Snack Pack,gro_condi,pantry,"4pk, 2oz ea","		$3.99/ea($7.98/lb)",3.99,ea(,7.98/lb),,
4539,Annie's Naturals Organic Ketchup,Annie's Naturals Organic Ketchup,gro_condi,pantry,24oz,"		$3.99/ea($2.66/pt)",3.99,ea(,2.66/pt),,
4541,"Cholula Hot Sauce, Original","Cholula Hot Sauce, Original",gro_condi,pantry,5oz,"		$3.49/ea($11.26/pt)",3.49,ea(,11.26/pt),,
4542,Frank's Red Hot Cayenne Pepper Sauce,Frank's Red Hot Cayenne Pepper Sauce,gro_condi,pantry,12oz,"		$2.99/ea($3.99/pt)",2.99,ea(,3.99/pt),,
4543,French's Classic Yellow Mustard,French's Classic Yellow Mustard,gro_condi,pantry,8oz,"		$1.69/ea($3.38/pt)",1.69,ea(,3.38/pt),,
4544,Goya Coconut Milk,Goya Coconut Milk,gro_condi,pantry,13.5oz,"		$1.99/ea($2.12/lb)",1.99,ea(,2.12/lb),,
4545,Grey Poupon Dijon Mustard,Grey Poupon Dijon Mustard,gro_condi,pantry,10oz,"		$3.79/ea($6.02/pt)",3.79,ea(,6.02/pt),,
4546,Gulden's Brown Spicy Mustard,Gulden's Brown Spicy Mustard,gro_condi,pantry,12oz,"		$2.19/ea($2.92/pt)",2.19,ea(,2.92/pt),,
4547,Hellmann's Light Mayonnaise,Hellmann's Light Mayonnaise,gro_condi,pantry,15oz,"		$3.79/ea($4.03/pt)",3.79,ea(,4.03/pt),,
4548,Hellmann's Mayonnaise Squeeze Bottle,Hellmann's Mayonnaise Squeeze Bottle,gro_condi,pantry,11.5oz,"		$4.99/ea($6.93/pt)",4.99,ea(,6.93/pt),,
4549,Hellmann's Real Mayonnaise,Hellmann's Real Mayonnaise,gro_condi,pantry,30oz,"		$5.59/ea($2.97/pt)",5.59,ea(,2.97/pt),,
4550,Kikkoman Soy Sauce,Kikkoman Soy Sauce,gro_condi,pantry,10oz,"		$2.29/ea($3.63/pt)",2.29,ea(,3.63/pt),,
4553,"SeaSnax Lightly Roasted & Seasoned Seaweed Snack, Original","SeaSnax Lightly Roasted & Seasoned Seaweed Snack, Original",gro_condi,pantry,0.18oz,"		$1.19/ea",1.19,ea,,,
4554,Wild Harvest Organic Ketchup,Wild Harvest Organic Ketchup,gro_condi,pantry,20oz,"		$3.49/ea($2.79/pt)",3.49,ea(,2.79/pt),,
4555,A Taste Of Thai Coconut Milk,A Taste Of Thai Coconut Milk,gro_condi,pantry,13.5oz,"		$2.69/ea($3.20/lb)",2.69,ea(,3.20/lb),,
4556,A Taste Of Thai Lite Coconut Milk,A Taste Of Thai Lite Coconut Milk,gro_condi,pantry,13.5oz,"		$2.49/ea($2.96/lb)",2.49,ea(,2.96/lb),,
4557,Annie's Naturals Goddess Dressing,Annie's Naturals Goddess Dressing,gro_condi,pantry,8oz,"		$3.49/ea($6.98/pt)",3.49,ea(,6.98/pt),,
4558,B & G Sweet Relish,B & G Sweet Relish,gro_condi,pantry,10oz,"		$2.29/ea($3.63/pt)",2.29,ea(,3.63/pt),,
4563,"Green Mountain Gringo Salsa, Medium","Green Mountain Gringo Salsa, Medium",gro_condi,pantry,16oz,"		$4.69/ea($4.69/lb)",4.69,ea(,4.69/lb),,
4564,Grey Poupon Country Dijon Mustard,Grey Poupon Country Dijon Mustard,gro_condi,pantry,8oz,"		$3.69/ea($7.38/pt)",3.69,ea(,7.38/pt),,
4565,Grey Poupon Dijon Mustard with White Wine,Grey Poupon Dijon Mustard with White Wine,gro_condi,pantry,8oz,"		$3.69/ea($7.38/pt)",3.69,ea(,7.38/pt),,
4566,Hellmann's Light Mayonnaise Squeeze Bottle,Hellmann's Light Mayonnaise Squeeze Bottle,gro_condi,pantry,11.5oz,"		$4.99/ea($6.93/pt)",4.99,ea(,6.93/pt),,
4569,Kraft Ranch Dressing & Dip,Kraft Ranch Dressing & Dip,gro_condi,pantry,16oz,"		$3.99/ea($3.99/pt)",3.99,ea(,3.99/pt),,
4570,Lea & Perrins Original Worcestershire Sauce,Lea & Perrins Original Worcestershire Sauce,gro_condi,pantry,10oz,"		$3.99/ea($6.33/pt)",3.99,ea(,6.33/pt),,
4571,Maille Dijon Mustard,Maille Dijon Mustard,gro_condi,pantry,13.4oz,"		$4.99/ea($5.94/pt)",4.99,ea(,5.94/pt),,
4572,McIlhenny Tabasco Pepper Sauce,McIlhenny Tabasco Pepper Sauce,gro_condi,pantry,5oz,"		$3.99/ea($12.87/pt)",3.99,ea(,12.87/pt),,
4574,Newman's Own Balsamic Vinaigrette Dressing,Newman's Own Balsamic Vinaigrette Dressing,gro_condi,pantry,8oz,"		$2.79/ea($5.58/pt)",2.79,ea(,5.58/pt),,
4575,Newman's Own Olive Oil & Vinegar Dressing,Newman's Own Olive Oil & Vinegar Dressing,gro_condi,pantry,8oz,"		$2.79/ea($5.58/pt)",2.79,ea(,5.58/pt),,
4577,Roland Pure Sesame Oil,Roland Pure Sesame Oil,gro_condi,pantry,6oz,"		$3.69/ea($9.71/pt)",3.69,ea(,9.71/pt),,
4578,Roland Sesame Tahini,Roland Sesame Tahini,gro_condi,pantry,16oz,"		$4.99/ea($4.99/pt)",4.99,ea(,4.99/pt),,
4580,Spectrum Organic Mayonnaise Made with Cage Free Eggs,Spectrum Organic Mayonnaise Made with Cage Free Eggs,gro_condi,pantry,11.25oz,"		$4.29/ea($6.13/pt)",4.29,ea(,6.13/pt),,
4581,"Stubb's  Bar-B-Q Sauce, Original","Stubb's  Bar-B-Q Sauce, Original",gro_condi,pantry,18oz,"		$4.29/ea($3.80/pt)",4.29,ea(,3.80/pt),,
4586,Yamasa Tamari (Wheat-Free and Organic Soy Sauce),Yamasa Tamari (Wheat-Free and Organic Soy Sauce),gro_condi,pantry,5oz,"		$3.69/ea($11.90/pt)",3.69,ea(,11.90/pt),,
4587,A Taste Of Thai Sweet Red Chili Sauce,A Taste Of Thai Sweet Red Chili Sauce,gro_condi,pantry,7oz,"		$3.49/ea($7.93/pt)",3.49,ea(,7.93/pt),,
4588,A.1. Steak Sauce,A.1. Steak Sauce,gro_condi,pantry,10oz,"		$4.99/ea($7.92/pt)",4.99,ea(,7.92/pt),,
4589,Annie's Naturals Balsamic Vinaigrette,Annie's Naturals Balsamic Vinaigrette,gro_condi,pantry,8oz,"		$3.49/ea($6.98/pt)",3.49,ea(,6.98/pt),,
4590,Annie's Naturals Cowgirl Ranch Dressing,Annie's Naturals Cowgirl Ranch Dressing,gro_condi,pantry,8oz,"		$3.49/ea($6.98/pt)",3.49,ea(,6.98/pt),,
4591,Annie's Naturals Light Gingerly Vinaigrette,Annie's Naturals Light Gingerly Vinaigrette,gro_condi,pantry,8oz,"		$3.49/ea($6.98/pt)",3.49,ea(,6.98/pt),,
4592,Annie's Naturals Organic Asian Sesame Dressing,Annie's Naturals Organic Asian Sesame Dressing,gro_condi,pantry,8oz,"		$3.99/ea($7.98/pt)",3.99,ea(,7.98/pt),,
4593,Annie's Naturals Organic Dijon Mustard,Annie's Naturals Organic Dijon Mustard,gro_condi,pantry,9oz,"		$3.99/ea($7.12/pt)",3.99,ea(,7.12/pt),,
4594,Annie's Naturals Organic Honey Mustard,Annie's Naturals Organic Honey Mustard,gro_condi,pantry,9oz,"		$3.99/ea($7.12/pt)",3.99,ea(,7.12/pt),,
4596,Annie's Naturals Shiitake & Sesame Vinaigrette,Annie's Naturals Shiitake & Sesame Vinaigrette,gro_condi,pantry,8oz,"		$3.49/ea($6.98/pt)",3.49,ea(,6.98/pt),,
4602,Bookbinder's Tartar Sauce,Bookbinder's Tartar Sauce,gro_condi,pantry,8.25oz,"		$2.49/ea($4.79/pt)",2.49,ea(,4.79/pt),,
4603,Bull's Eye Original Barbeque Sauce,Bull's Eye Original Barbeque Sauce,gro_condi,pantry,18oz,"		$2.49/ea($2.20/pt)",2.49,ea(,2.20/pt),,
4607,"Desert Pepper Black Bean Dip, Spicy","Desert Pepper Black Bean Dip, Spicy",gro_condi,pantry,16oz,"		$4.79/ea($4.79/lb)",4.79,ea(,4.79/lb),,
4608,"Desert Pepper Corn Black Bean Red Pepper Salsa, Medium","Desert Pepper Corn Black Bean Red Pepper Salsa, Medium",gro_condi,pantry,16oz,"		$4.79/ea($4.79/lb)",4.79,ea(,4.79/lb),,
4609,"Desert Pepper Peach Mango Salsa, Medium","Desert Pepper Peach Mango Salsa, Medium",gro_condi,pantry,16oz,"		$4.79/ea($4.79/lb)",4.79,ea(,4.79/lb),,
4610,"Desert Pepper Roasted Tomato Chipotle Corn Salsa, Medium Hot","Desert Pepper Roasted Tomato Chipotle Corn Salsa, Medium Hot",gro_condi,pantry,16oz,"		$4.79/ea($4.79/lb)",4.79,ea(,4.79/lb),,
4611,Dynasty Hoisin Sauce,Dynasty Hoisin Sauce,gro_condi,pantry,7oz,"		$2.29/ea($5.20/pt)",2.29,ea(,5.20/pt),,
4612,French's French Fried Onions,French's French Fried Onions,gro_condi,pantry,2.8 oz,"		$2.69/ea($14.94/pt)",2.69,ea(,14.94/pt),,
4621,Good Seasons Italian Salad Dressing & Recipe Mix,Good Seasons Italian Salad Dressing & Recipe Mix,gro_condi,pantry,"4pk, 0.7oz ea","		$4.89/ea($27.17/pt)",4.89,ea(,27.17/pt),,
4622,Goya Pitted Salad Olives with Pimento,Goya Pitted Salad Olives with Pimento,gro_condi,pantry,7oz,"		$2.29/ea($5.20/lb)",2.29,ea(,5.20/lb),,
4623,Goya Plain Spanish Olives,Goya Plain Spanish Olives,gro_condi,pantry,6.75oz,"		$1.99/ea($4.74/lb)",1.99,ea(,4.74/lb),,
4624,Goya Stuffed Spanish Olives,Goya Stuffed Spanish Olives,gro_condi,pantry,6.75oz,"		$2.29/ea($5.45/lb)",2.29,ea(,5.45/lb),,
4625,"Green Mountain Gringo Salsa, Hot","Green Mountain Gringo Salsa, Hot",gro_condi,pantry,16oz,"		$4.69/ea($4.69/lb)",4.69,ea(,4.69/lb),,
4626,"Green Mountain Gringo Salsa, Mild","Green Mountain Gringo Salsa, Mild",gro_condi,pantry,16oz,"		$4.69/ea($4.69/lb)",4.69,ea(,4.69/lb),,
4627,"Guy Fieri Barbeque Sauce, Bourbon Brown Sugar","Guy Fieri Barbeque Sauce, Bourbon Brown Sugar",gro_condi,pantry,19oz,"		$3.99/ea($3.35/pt)",3.99,ea(,3.35/pt),,
4628,Hain Pure Foods Safflower Mayonnaise,Hain Pure Foods Safflower Mayonnaise,gro_condi,pantry,24oz,"		$4.49/ea($2.99/pt)",4.49,ea(,2.99/pt),,
4629,Heinz Beef Gravy,Heinz Beef Gravy,gro_condi,pantry,12oz,"		$2.29/ea($3.05/pt)",2.29,ea(,3.05/pt),,
4630,Heinz Chicken Gravy,Heinz Chicken Gravy,gro_condi,pantry,12oz,"		$2.29/ea($3.05/pt)",2.29,ea(,3.05/pt),,
4631,Heinz Homestyle Roasted Turkey Gravy,Heinz Homestyle Roasted Turkey Gravy,gro_condi,pantry,12oz,"		$2.19/ea($2.92/pt)",2.19,ea(,2.92/pt),,
4632,Hellmann's Light Mayonnaise,Hellmann's Light Mayonnaise,gro_condi,pantry,30oz,"		$5.59/ea($2.97/pt)",5.59,ea(,2.97/pt),,
4633,Hellmann's Mayonnaise Dressing with Olive Oil,Hellmann's Mayonnaise Dressing with Olive Oil,gro_condi,pantry,20oz,"		$5.99/ea($4.79/pt)",5.99,ea(,4.79/pt),,
4634,Huy Fong Túóng Ót Tói Viet-Nam Chili Garlic Sauce,Huy Fong Túóng Ót Tói Viet-Nam Chili Garlic Sauce,gro_condi,pantry,8oz,"		$2.59/ea($5.18/pt)",2.59,ea(,5.18/pt),,
4635,Just FreshDirect Balsamic & Olive Oil Vinaigrette,Just FreshDirect Balsamic & Olive Oil Vinaigrette,gro_condi,pantry,11.83oz,"		$4.99/ea($6.74/pt)",4.99,ea(,6.74/pt),,
4636,Just FreshDirect French Dijon Vinaigrette,Just FreshDirect French Dijon Vinaigrette,gro_condi,pantry,11.83oz,"		$4.99/ea($6.74/pt)",4.99,ea(,6.74/pt),,
4637,"Ken's Steakhouse Chef's Reserve Dressing, Blue Cheese with Gorgonzola","Ken's Steakhouse Chef's Reserve Dressing, Blue Cheese with Gorgonzola",gro_condi,pantry,8oz,"		$2.79/ea($5.58/pt)",2.79,ea(,5.58/pt),,
4638,"Ken's Steakhouse Chef's Reserve Dressing, Creamy Caesar with Roasted Garlic","Ken's Steakhouse Chef's Reserve Dressing, Creamy Caesar with Roasted Garlic",gro_condi,pantry,9oz,"		$2.79/ea($4.98/pt)",2.79,ea(,4.98/pt),,
4639,"Ken's Steakhouse Light Options Dressing, Parmesan & Peppercorn","Ken's Steakhouse Light Options Dressing, Parmesan & Peppercorn",gro_condi,pantry,8oz,"		$2.79/ea($5.58/pt)",2.79,ea(,5.58/pt),,
4640,Ken's Steakhouse Lite Caesar Dressing,Ken's Steakhouse Lite Caesar Dressing,gro_condi,pantry,16oz,"		$4.29/ea($4.29/pt)",4.29,ea(,4.29/pt),,
4641,Kikkoman Lite Soy Sauce,Kikkoman Lite Soy Sauce,gro_condi,pantry,5oz,"		$2.49/ea($8.03/pt)",2.49,ea(,8.03/pt),,
4642,Kikkoman Manjo Aji Mirin,Kikkoman Manjo Aji Mirin,gro_condi,pantry,17oz,"		$4.99/ea($4.71/pt)",4.99,ea(,4.71/pt),,
4643,Kikkoman Naturally Brewed Gluten-Free Soy Sauce,Kikkoman Naturally Brewed Gluten-Free Soy Sauce,gro_condi,pantry,10oz,"		$3.79/ea($6.02/pt)",3.79,ea(,6.02/pt),,
4644,Kikkoman Teriyaki Marinade & Sauce,Kikkoman Teriyaki Marinade & Sauce,gro_condi,pantry,10oz,"		$2.29/ea($3.63/pt)",2.29,ea(,3.63/pt),,
4645,Kraft Miracle Whip Dressing,Kraft Miracle Whip Dressing,gro_condi,pantry,15oz,"		$3.99/ea($4.24/pt)",3.99,ea(,4.24/pt),,
4646,Kraft Zesty Italian Dressing & Marinade,Kraft Zesty Italian Dressing & Marinade,gro_condi,pantry,16oz,"		$3.99/ea($3.99/pt)",3.99,ea(,3.99/pt),,
4648,Maille Dijon Mustard,Maille Dijon Mustard,gro_condi,pantry,7.5oz,"		$3.59/ea($7.64/pt)",3.59,ea(,7.64/pt),,
4649,Maille Honey Dijon Mustard,Maille Honey Dijon Mustard,gro_condi,pantry,8oz,"		$3.59/ea($7.18/pt)",3.59,ea(,7.18/pt),,
4650,Maple Grove Farms Fat Free Honey Dijon Salad Dressing,Maple Grove Farms Fat Free Honey Dijon Salad Dressing,gro_condi,pantry,8oz,"		$2.89/ea($5.78/pt)",2.89,ea(,5.78/pt),,
4653,McIlhenny Tabasco Chipotle Sauce,McIlhenny Tabasco Chipotle Sauce,gro_condi,pantry,5oz,"		$3.99/ea($12.87/pt)",3.99,ea(,12.87/pt),,
4657,Newman's Own Creamy Caesar Dressing,Newman's Own Creamy Caesar Dressing,gro_condi,pantry,16oz,"		$4.49/ea($4.49/pt)",4.49,ea(,4.49/pt),,
4658,Newman's Own Light Italian Dressing,Newman's Own Light Italian Dressing,gro_condi,pantry,16oz,"		$4.49/ea($4.49/pt)",4.49,ea(,4.49/pt),,
4659,Newman's Own Light Raspberry & Walnut Vinaigrette,Newman's Own Light Raspberry & Walnut Vinaigrette,gro_condi,pantry,16oz,"		$4.49/ea($4.49/pt)",4.49,ea(,4.49/pt),,
4660,Newman's Own Parmesan & Roasted Garlic Dressing,Newman's Own Parmesan & Roasted Garlic Dressing,gro_condi,pantry,16oz,"		$4.49/ea($4.49/pt)",4.49,ea(,4.49/pt),,
4661,Newman's Own Ranch Dressing,Newman's Own Ranch Dressing,gro_condi,pantry,16oz,"		$4.49/ea($4.49/pt)",4.49,ea(,4.49/pt),,
4662,Old El Paso Thick n' Chunky Salsa - Medium,Old El Paso Thick n' Chunky Salsa - Medium,gro_condi,pantry,16oz,"		$2.69/ea($2.69/lb)",2.69,ea(,2.69/lb),,
4668,Roland Grained Dijon Mustard,Roland Grained Dijon Mustard,gro_condi,pantry,12.3oz,"		$2.79/ea($3.62/pt)",2.79,ea(,3.62/pt),,
4669,Roland Green Curry Paste,Roland Green Curry Paste,gro_condi,pantry,6.8oz,"		$2.79/ea($6.49/pt)",2.79,ea(,6.49/pt),,
4670,Roland Major Grey's Mango Chutney,Roland Major Grey's Mango Chutney,gro_condi,pantry,10oz,"		$3.29/ea($5.22/pt)",3.29,ea(,5.22/pt),,
4671,Roland Red Curry Paste,Roland Red Curry Paste,gro_condi,pantry,6.8oz,"		$2.79/ea($6.49/pt)",2.79,ea(,6.49/pt),,
4672,Sea's Gift Roasted & Salted Seaweed Snack w/ Natural Wasabi Flavor,Sea's Gift Roasted & Salted Seaweed Snack w/ Natural Wasabi Flavor,gro_condi,pantry,0.17oz,"		$0.89/ea",0.89,ea,,,
4673,"SeaSnax Lightly Roasted & Seasoned Seaweed Snack, Classic Olive","SeaSnax Lightly Roasted & Seasoned Seaweed Snack, Classic Olive",gro_condi,pantry,5ct,"		$3.49/ea($0.70/ct)",3.49,ea(,0.70/ct),,
4674,"SeaSnax Lightly Roasted & Seasoned Seaweed Snack, Toasty Onion","SeaSnax Lightly Roasted & Seasoned Seaweed Snack, Toasty Onion",gro_condi,pantry,0.18oz,"		$1.19/ea",1.19,ea,,,
4675,Shirako Tokyo Sushihane Roasted Nori Seaweed,Shirako Tokyo Sushihane Roasted Nori Seaweed,gro_condi,pantry,10pc.,"		$2.99/ea($0.30/ct)",2.99,ea(,0.30/ct),,
4680,Spectrum Eggless Vegan Light Canola Mayo,Spectrum Eggless Vegan Light Canola Mayo,gro_condi,pantry,11.25oz,"		$3.49/ea($4.99/pt)",3.49,ea(,4.99/pt),,
4682,Trappey's Red Devil Original Hot Sauce,Trappey's Red Devil Original Hot Sauce,gro_condi,pantry,12oz,"		$1.99/ea($2.65/pt)",1.99,ea(,2.65/pt),,
4685,Wish-Bone Chunky Blue Cheese Salad Dressing,Wish-Bone Chunky Blue Cheese Salad Dressing,gro_condi,pantry,16oz,"		$3.49/ea($3.49/pt)",3.49,ea(,3.49/pt),,
4686,Wish-Bone Deluxe French Salad Dressing,Wish-Bone Deluxe French Salad Dressing,gro_condi,pantry,16oz,"		$3.49/ea($3.49/pt)",3.49,ea(,3.49/pt),,
4687,Wish-Bone Just 2 Good Lite Italian Salad Dressing,Wish-Bone Just 2 Good Lite Italian Salad Dressing,gro_condi,pantry,8oz,"		$1.99/ea",1.99,ea,,,
4688,"Xochitl e Chipotle Salsa, Medium","Xochitl e Chipotle Salsa, Medium",gro_condi,pantry,15oz,"		$5.29/ea($5.63/lb)",5.29,ea(,5.63/lb),,
4689,Yamasa Less-Salt Soy Sauce,Yamasa Less-Salt Soy Sauce,gro_condi,pantry,15.5oz,"		$3.59/ea($3.70/pt)",3.59,ea(,3.70/pt),,
4690,"Yamasa Soy Sauce, Naturally Brewed","Yamasa Soy Sauce, Naturally Brewed",gro_condi,pantry,10oz,"		$2.29/ea($3.63/pt)",2.29,ea(,3.63/pt),,
4691,Yamasa Traditional Teriyaki Marinade & Sauce,Yamasa Traditional Teriyaki Marinade & Sauce,gro_condi,pantry,10oz,"		$1.79/ea($2.84/pt)",1.79,ea(,2.84/pt),,
4692,A Taste Of Thai Red Curry Paste,A Taste Of Thai Red Curry Paste,gro_condi,pantry,1.75oz,"		$2.49/ea($22.64/pt)",2.49,ea(,22.64/pt),,
4693,A&B; American-Style Small Batch Pepper Sauce with Garlic,A&B; American-Style Small Batch Pepper Sauce with Garlic,gro_condi,pantry,4oz,"		$5.99/ea($23.96/pt)",5.99,ea(,23.96/pt),,
4694,"A&B; American-Style Small Batch Pepper Sauce, More Heat","A&B; American-Style Small Batch Pepper Sauce, More Heat",gro_condi,pantry,4oz,"		$5.99/ea($23.96/pt)",5.99,ea(,23.96/pt),,
4695,"A&B; American-Style Small Batch Pepper Sauce, Original","A&B; American-Style Small Batch Pepper Sauce, Original",gro_condi,pantry,4oz,"		$5.99/ea($23.96/pt)",5.99,ea(,23.96/pt),,
4697,Boar's Head All Natural Delicatessen Style Mustard with White Wine,Boar's Head All Natural Delicatessen Style Mustard with White Wine,gro_condi,pantry,9.5oz,"		$4.49/ea($7.61/lb)",4.49,ea(,7.61/lb),,
4698,Boar's Head All Natural Honey Mustard with Pure Golden Honey,Boar's Head All Natural Honey Mustard with Pure Golden Honey,gro_condi,pantry,10.5oz,"		$4.49/ea($6.80/lb)",4.49,ea(,6.80/lb),,
4699,Boar's Head Fiery Chipotle Gourmaise,Boar's Head Fiery Chipotle Gourmaise,gro_condi,pantry,8.5oz,"		$4.49/ea($8.47/lb)",4.49,ea(,8.47/lb),,
4701,"Bone Suckin' Sauce Bone Suckin' Sauce, Hot","Bone Suckin' Sauce Bone Suckin' Sauce, Hot",gro_condi,pantry,16oz,"		$5.99/ea($5.99/lb)",5.99,ea(,5.99/lb),,
4702,"Bone Suckin' Sauce Bone Suckin' Sauce, Original","Bone Suckin' Sauce Bone Suckin' Sauce, Original",gro_condi,pantry,16oz,"		$5.99/ea($5.99/lb)",5.99,ea(,5.99/lb),,
4703,"Bone Suckin' Sauce Bone Suckin' Sauce, Thicker Style","Bone Suckin' Sauce Bone Suckin' Sauce, Thicker Style",gro_condi,pantry,16oz,"		$5.99/ea($5.99/lb)",5.99,ea(,5.99/lb),,
4704,Busha Browne's Traditional Jerk Seasoning Rub,Busha Browne's Traditional Jerk Seasoning Rub,gro_condi,pantry,4oz,"		$3.49/ea($13.96/lb)",3.49,ea(,13.96/lb),,
4705,Campbell's Beef Gravy,Campbell's Beef Gravy,gro_condi,pantry,10.25oz,"		$1.49/ea($2.33/pt)",1.49,ea(,2.33/pt),,
4706,Cucina Antica Organic Table Fresh Balsamico Dressing,Cucina Antica Organic Table Fresh Balsamico Dressing,gro_condi,pantry,8oz,"		$3.99/ea($7.98/pt)",3.99,ea(,7.98/pt),,
4707,Cucina Antica Organic Table Fresh Caesar Dressing,Cucina Antica Organic Table Fresh Caesar Dressing,gro_condi,pantry,8oz,"		$3.99/ea($7.98/pt)",3.99,ea(,7.98/pt),,
4708,Cucina Antica Organic Table Fresh Low-Fat Italiano Dressing,Cucina Antica Organic Table Fresh Low-Fat Italiano Dressing,gro_condi,pantry,8oz,"		$3.99/ea($7.98/pt)",3.99,ea(,7.98/pt),,
4709,Cucina Antica Organic Table Fresh Red Wine Vinaigrette Dressing,Cucina Antica Organic Table Fresh Red Wine Vinaigrette Dressing,gro_condi,pantry,8oz,"		$3.99/ea($7.98/pt)",3.99,ea(,7.98/pt),,
4710,Dynasty Black Bean Garlic Sauce,Dynasty Black Bean Garlic Sauce,gro_condi,pantry,7oz,"		$2.79/ea($6.34/pt)",2.79,ea(,6.34/pt),,
4712,Gold's Extra-Spicy Cocktail Sauce,Gold's Extra-Spicy Cocktail Sauce,gro_condi,pantry,9oz,"		$2.29/ea($4.09/pt)",2.29,ea(,4.09/pt),,
4714,Gold's Reduced Salt New York Deli Mustard,Gold's Reduced Salt New York Deli Mustard,gro_condi,pantry,10oz,"		$1.79/ea($2.84/pt)",1.79,ea(,2.84/pt),,
4715,Guy Fieri Chipotle Salsa,Guy Fieri Chipotle Salsa,gro_condi,pantry,16oz,"		$3.99/ea($3.99/lb)",3.99,ea(,3.99/lb),,
4716,Guy Fieri Original Salsa,Guy Fieri Original Salsa,gro_condi,pantry,16oz,"		$3.99/ea($3.99/lb)",3.99,ea(,3.99/lb),,
4717,"Heluva Good! Sour Cream Dip, French Onion","Heluva Good! Sour Cream Dip, French Onion",gro_condi,pantry,12oz,"		$2.99/ea($3.99/lb)",2.99,ea(,3.99/lb),,
4718,Hidden Valley The Original Ranch Dressing,Hidden Valley The Original Ranch Dressing,gro_condi,pantry,16oz,"		$5.49/ea($5.49/lb)",5.49,ea(,5.49/lb),,
4719,Just FreshDirect Sundried Tomato & Olive Oil Vinaigrette,Just FreshDirect Sundried Tomato & Olive Oil Vinaigrette,gro_condi,pantry,11.83oz,"		$4.99/ea($6.74/pt)",4.99,ea(,6.74/pt),,
4720,"Ken's Steakhouse Healthy Options Dressing, Honey French","Ken's Steakhouse Healthy Options Dressing, Honey French",gro_condi,pantry,8oz,"		$2.79/ea($5.58/pt)",2.79,ea(,5.58/pt),,
4721,Ken's Steakhouse Lite Balsamic Vinaigrette,Ken's Steakhouse Lite Balsamic Vinaigrette,gro_condi,pantry,16oz,"		$4.29/ea($4.29/pt)",4.29,ea(,4.29/pt),,
4722,"Lawry's 30 Minute Marinade, Sesame Ginger with Mandarin Orange Juice","Lawry's 30 Minute Marinade, Sesame Ginger with Mandarin Orange Juice",gro_condi,pantry,12oz,"		$3.29/ea($4.39/pt)",3.29,ea(,4.39/pt),,
4723,Maille Dijonnaise,Maille Dijonnaise,gro_condi,pantry,9oz,"		$3.59/ea($6.41/pt)",3.59,ea(,6.41/pt),,
4729,Newman's Own Olive Oil & Vinegar Dressing,Newman's Own Olive Oil & Vinegar Dressing,gro_condi,pantry,16oz,"		$5.49/ea($5.49/lb)",5.49,ea(,5.49/lb),,
4733,Rick's Picks Mean Beans,Rick's Picks Mean Beans,gro_condi,pantry,15oz,"		$8.99/ea($9.56/pt)",8.99,ea(,9.56/pt),,
4736,Roland Anchovy Paste,Roland Anchovy Paste,gro_condi,pantry,2oz,"		$1.79/ea($13.77/lb)",1.79,ea(,13.77/lb),,
4737,Roland Dijon Mustard,Roland Dijon Mustard,gro_condi,pantry,13oz,"		$2.79/ea($3.44/pt)",2.79,ea(,3.44/pt),,
4738,Roland Yellow Curry Paste,Roland Yellow Curry Paste,gro_condi,pantry,6.8oz,"		$2.79/ea($6.49/pt)",2.79,ea(,6.49/pt),,
4740,"SeaSnax Grab & Go Lightly Roasted & Seasoned Seaweed Snack, Wasabi","SeaSnax Grab & Go Lightly Roasted & Seasoned Seaweed Snack, Wasabi",gro_condi,pantry,.018oz,"		$1.19/ea($6.61/oz)",1.19,ea(,6.61/oz),,
4741,"SeaSnax Lightly Roasted & Seasoned Seaweed Snack, Toasty Onion","SeaSnax Lightly Roasted & Seasoned Seaweed Snack, Toasty Onion",gro_condi,pantry,5ct,"		$3.49/ea($0.70/ct)",3.49,ea(,0.70/ct),,
4742,"SeaSnax Lightly Roasted & Seasoned Seaweed Snack, Wasabi","SeaSnax Lightly Roasted & Seasoned Seaweed Snack, Wasabi",gro_condi,pantry,5ct,"		$3.49/ea($0.70/ct)",3.49,ea(,0.70/ct),,
4743,"SeaSnax Premium Roasted Seaweed Snack, Chipotle","SeaSnax Premium Roasted Seaweed Snack, Chipotle",gro_condi,pantry,0.18oz,"		$1.19/ea",1.19,ea,,,
4746,Spice Supreme Imitation Bacon Bits,Spice Supreme Imitation Bacon Bits,gro_condi,pantry,3.25oz,"		$1.49/ea($7.45/pt)",1.49,ea(,7.45/pt),,
4747,Squid Brand Fish Sauce,Squid Brand Fish Sauce,gro_condi,pantry,25oz,"		$2.79/ea($1.79/pt)",2.79,ea(,1.79/pt),,
4748,"Stubb's  Bar-B-Q Sauce, Smoky Mesquite","Stubb's  Bar-B-Q Sauce, Smoky Mesquite",gro_condi,pantry,18oz,"		$4.19/ea($3.71/pt)",4.19,ea(,3.71/pt),,
4749,"Stubb's  Bar-B-Q Sauce, Spicy","Stubb's  Bar-B-Q Sauce, Spicy",gro_condi,pantry,18oz,"		$4.19/ea($3.71/pt)",4.19,ea(,3.71/pt),,
4750,Sushi Chef Nori (Toasted Seaweed Sheets),Sushi Chef Nori (Toasted Seaweed Sheets),gro_condi,pantry,"5 sheets, 0.45oz","		$3.89/ea",3.89,ea,,,
4753,Wish-Bone Italian Dressing,Wish-Bone Italian Dressing,gro_condi,pantry,16oz,"		$4.49/ea($4.49/lb)",4.49,ea(,4.49/lb),,
4754,Wish-Bone Robusto Italian Dressing,Wish-Bone Robusto Italian Dressing,gro_condi,pantry,16oz,"		$4.49/ea($4.49/lb)",4.49,ea(,4.49/lb),,
4755,Wish-Bone Thousand Island Dressing,Wish-Bone Thousand Island Dressing,gro_condi,pantry,16oz,"		$4.49/ea($4.49/lb)",4.49,ea(,4.49/lb),,
4756,Wright's Hickory Seasoning Liquid Smoke,Wright's Hickory Seasoning Liquid Smoke,gro_condi,pantry,3.5oz,"		$2.69/ea($12.23/lb)",2.69,ea(,12.23/lb),,
4757,Wish-Bone Ranch Dressing,Wish-Bone Ranch Dressing,gro_condi,pantry,16oz,"		$4.49/ea($4.49/lb)",4.49,ea(,4.49/lb),,
4758,Newman's Own All-Natural Chunky Salsa - Mild,Newman's Own All-Natural Chunky Salsa - Mild,gro_condi,pantry,16oz,"		$0.00/null($0.00/lb)",0,null(,0.00/lb),,
4759,KC Masterpiece Original Barbecue Sauce,KC Masterpiece Original Barbecue Sauce,gro_condi,pantry,18oz,"		$0.00/null($0.00/pt)",0,null(,0.00/pt),,
4760,Newman's Own Light Balsamic Vinaigrette,Newman's Own Light Balsamic Vinaigrette,gro_condi,pantry,16oz,"		$0.00/null($0.00/pt)",0,null(,0.00/pt),,
4762,French's Classic Yellow Mustard,French's Classic Yellow Mustard,gro_condi,pantry,20oz,"		$0.00/null($0.00/pt)",0,null(,0.00/pt),,
4764,Maple Grove Farms Fat Free Balsamic Vinaigrette,Maple Grove Farms Fat Free Balsamic Vinaigrette,gro_condi,pantry,8oz,"		$0.00/null($0.00/pt)",0,null(,0.00/pt),,
4765,Maple Grove Farms Honey Mustard Salad Dressing,Maple Grove Farms Honey Mustard Salad Dressing,gro_condi,pantry,8oz,"		$0.00/null($0.00/pt)",0,null(,0.00/pt),,
4766,"Tribe To Go Hummus  & Pita Chips, Sweet Roasted Red Pepper Hummus","Tribe To Go Hummus  & Pita Chips, Sweet Roasted Red Pepper Hummus",gro_condi,pantry,2.75oz," 	$0.00/null $2.39($0.00/lb)",0,null ,2.39(0.00/lb),0.00/lb),
4767,"Lawry's 30 Minute Marinade, Herb & Garlic with Lemon Juice","Lawry's 30 Minute Marinade, Herb & Garlic with Lemon Juice",gro_condi,pantry,12oz,"		$0.00/null($0.00/pt)",0,null(,0.00/pt),,
4768,"Lawry's 30 Minute Marinade, Steak & Chop with Garlic & Cracked Black Pepper","Lawry's 30 Minute Marinade, Steak & Chop with Garlic & Cracked Black Pepper",gro_condi,pantry,12oz,"		$0.00/null($0.00/pt)",0,null(,0.00/pt),,
4769,"Lawry's 30 Minute Marinade, Teriyaki with Pineapple Juice","Lawry's 30 Minute Marinade, Teriyaki with Pineapple Juice",gro_condi,pantry,12oz,"		$0.00/null($0.00/pt)",0,null(,0.00/pt),,
4770,Maple Grove Farms Fat Free Raspberry Vinaigrette,Maple Grove Farms Fat Free Raspberry Vinaigrette,gro_condi,pantry,8oz,"		$0.00/null($0.00/pt)",0,null(,0.00/pt),,
4771,Open Pit Barbeque Sauce,Open Pit Barbeque Sauce,gro_condi,pantry,18oz,"		$0.00/null($0.00/pt)",0,null(,0.00/pt),,
4772,"Rick's Picks ""With Relish"" Zesty Relish with Dill","Rick's Picks ""With Relish"" Zesty Relish with Dill",gro_condi,pantry,11oz,"		$0.00/null($0.00/pt)",0,null(,0.00/pt),,
4773,Rick's Picks Smokra Pickled Okra with Smoked Paprika,Rick's Picks Smokra Pickled Okra with Smoked Paprika,gro_condi,pantry,15oz,"		$0.00/null($0.00/pt)",0,null(,0.00/pt),,
4774,House Foods Shirataki Tofu Fettucini Shaped Noodles,House Foods Shirataki Tofu Fettucini Shaped Noodles,dai_soy,dairy,8oz,"		$1.99/ea($3.98/lb)",1.99,ea(,3.98/lb),,
4775,House Foods Shirataki Tofu Noodles,House Foods Shirataki Tofu Noodles,dai_soy,dairy,8oz,"		$1.99/ea($3.98/lb)",1.99,ea(,3.98/lb),,
4793,Lightlife Smart Dogs Veggie Hot Dogs,Lightlife Smart Dogs Veggie Hot Dogs,dai_soy,dairy,12oz,"		$0.00/null($0.00/lb)",0,null(,0.00/lb),,
4794,Tofutti Better Than Cream Cheese Plain,Tofutti Better Than Cream Cheese Plain,dai_soy,dairy,8oz,"		$3.19/ea($6.38/lb)",3.19,ea(,6.38/lb),,
4797,"Silk PureAlmond All-Natural Almond Milk, Unsweetened","Silk PureAlmond All-Natural Almond Milk, Unsweetened",dai_soy,dairy,64oz,"		$4.19/ea",4.19,ea,,,
4798,"Silk PureAlmond All-Natural Unsweetened Almond Milk, Vanilla","Silk PureAlmond All-Natural Unsweetened Almond Milk, Vanilla",dai_soy,dairy,64oz,"		$4.19/ea",4.19,ea,,,
4799,Blue Diamond Almond Breeze Original Unsweetened Non-Dairy Beverage,Blue Diamond Almond Breeze Original Unsweetened Non-Dairy Beverage,dai_soy,dairy,32oz carton,"		$2.49/ea($1.24/pt)",2.49,ea(,1.24/pt),,
4800,Blue Diamond Almond Breeze Vanilla Unsweetened Non-Dairy Beverage,Blue Diamond Almond Breeze Vanilla Unsweetened Non-Dairy Beverage,dai_soy,dairy,32oz carton,"		$2.49/ea($1.24/pt)",2.49,ea(,1.24/pt),,
4802,"Blue Diamond Almond Breeze Almond Milk, Vanilla","Blue Diamond Almond Breeze Almond Milk, Vanilla",dai_soy,dairy,32oz carton,"		$2.49/ea($1.24/pt)",2.49,ea(,1.24/pt),,
4805,Blue Diamond Almond Breeze Original Non-Dairy Beverage,Blue Diamond Almond Breeze Original Non-Dairy Beverage,dai_soy,dairy,32oz carton,"		$2.49/ea($1.24/pt)",2.49,ea(,1.24/pt),,
4808,"Silk Pure Coconut All Natural Coconutmilk, Original","Silk Pure Coconut All Natural Coconutmilk, Original",dai_soy,dairy,64oz,"		$4.19/ea",4.19,ea,,,
4820,WestSoy Organic Unsweetened Non-Dairy Soymilk,WestSoy Organic Unsweetened Non-Dairy Soymilk,dai_soy,dairy,32oz carton,"		$2.39/ea($1.20/pt)",2.39,ea(,1.20/pt),,
4821,"Blue Diamond Almond Breeze Original Almond Milk, Single Serve","Blue Diamond Almond Breeze Original Almond Milk, Single Serve",dai_soy,dairy,11oz,"		$1.59/ea($2.30/pt)",1.59,ea(,2.30/pt),,
4822,"Blue Diamond Almond Breeze Unsweetened Original Almond Breeze, Single Serve","Blue Diamond Almond Breeze Unsweetened Original Almond Breeze, Single Serve",dai_soy,dairy,11oz,"		$1.59/ea($2.30/pt)",1.59,ea(,2.30/pt),,
4823,"Blue Diamond Almond Breeze Unsweetened Vanilla Almond Breeze, Single Serve","Blue Diamond Almond Breeze Unsweetened Vanilla Almond Breeze, Single Serve",dai_soy,dairy,11oz,"		$1.59/ea($2.30/pt)",1.59,ea(,2.30/pt),,
4824,"Califia Farms Almond Milk, Coconut","Califia Farms Almond Milk, Coconut",dai_soy,dairy,48oz," 	$3.79/ea $4.49Any 2 Califia Almond Milk for $7.50Mix'n'Match",3.79,ea ,4.49Any 2 Califia Almond Milk for 7.50Mix'n'Match,7.50Mix'n'Match,
4825,"Califia Farms Almond Milk, Original","Califia Farms Almond Milk, Original",dai_soy,dairy,48oz," 	$3.79/ea $4.49Any 2 Califia Almond Milk for $7.50Mix'n'Match",3.79,ea ,4.49Any 2 Califia Almond Milk for 7.50Mix'n'Match,7.50Mix'n'Match,
4828,"Soy Dream Original, Enriched","Soy Dream Original, Enriched",dai_soy,dairy,32oz carton,"		$2.69/ea($1.34/pt)",2.69,ea(,1.34/pt),,
4829,"Soy Dream Vanilla, Enriched","Soy Dream Vanilla, Enriched",dai_soy,dairy,32oz carton,"		$2.89/ea($1.44/pt)",2.89,ea(,1.44/pt),,
4830,WestSoy Plus Vanilla Non-Dairy Soy Milk,WestSoy Plus Vanilla Non-Dairy Soy Milk,dai_soy,dairy,32oz carton,"		$2.39/ea($1.20/pt)",2.39,ea(,1.20/pt),,
4831,"Califia Farms Cold Brew Coffee, Café Latte","Califia Farms Cold Brew Coffee, Café Latte",dai_soy,dairy,48oz," 	$4.89/ea $5.49Any 2 Califia Iced Coffee for $9.00($1.63/pt)Mix'n'Match",4.89,ea ,5.49Any 2 Califia Iced Coffee for 9.00(1.63/pt)Mix'n'Match,9.00(,1.63/pt)Mix'n'Match
4832,"Califia Farms Cold Brew Coffee, Double Espresso","Califia Farms Cold Brew Coffee, Double Espresso",dai_soy,dairy,48oz," 	$4.89/ea $5.49Any 2 Califia Iced Coffee for $9.00($1.63/pt)Mix'n'Match",4.89,ea ,5.49Any 2 Califia Iced Coffee for 9.00(1.63/pt)Mix'n'Match,9.00(,1.63/pt)Mix'n'Match
4833,"Califia Farms Cold Brew Coffee, Mocha","Califia Farms Cold Brew Coffee, Mocha",dai_soy,dairy,48oz," 	$4.89/ea $5.49Any 2 Califia Iced Coffee for $9.00($1.63/pt)Mix'n'Match",4.89,ea ,5.49Any 2 Califia Iced Coffee for 9.00(1.63/pt)Mix'n'Match,9.00(,1.63/pt)Mix'n'Match
4834,"Silk Almond Creamer, Vanilla","Silk Almond Creamer, Vanilla",dai_soy,dairy,1 pint,"		$2.39/ea",2.39,ea,,,
4835,"Silk Cashew Milk, Original","Silk Cashew Milk, Original",dai_soy,dairy,1/2 gallon,"		$4.19/ea",4.19,ea,,,
4836,WestSoy Low Fat Plain Non-Dairy Soy Drink,WestSoy Low Fat Plain Non-Dairy Soy Drink,dai_soy,dairy,32oz carton,"		$1.99/ea($1.00/pt)",1.99,ea(,1.00/pt),,
4837,WestSoy Low Fat Vanilla Non-Dairy Soy Drink,WestSoy Low Fat Vanilla Non-Dairy Soy Drink,dai_soy,dairy,32oz carton,"		$1.99/ea($1.00/pt)",1.99,ea(,1.00/pt),,
4838,WestSoy Nonfat Plain Non-Dairy Soy Beverage,WestSoy Nonfat Plain Non-Dairy Soy Beverage,dai_soy,dairy,32oz carton,"		$2.39/ea($1.20/pt)",2.39,ea(,1.20/pt),,
4839,WestSoy Nonfat Vanilla Non-Dairy Soy Beverage,WestSoy Nonfat Vanilla Non-Dairy Soy Beverage,dai_soy,dairy,32oz carton,"		$2.39/ea($1.20/pt)",2.39,ea(,1.20/pt),,
4840,WestSoy Plus Plain Non-Dairy Soy Beverage,WestSoy Plus Plain Non-Dairy Soy Beverage,dai_soy,dairy,32oz carton,"		$2.39/ea($1.20/pt)",2.39,ea(,1.20/pt),,
4844,Lightlife Organic Three Grain Tempeh,Lightlife Organic Three Grain Tempeh,dai_soy,dairy,8oz,"		$3.19/ea($6.38/lb)",3.19,ea(,6.38/lb),,
4846,Nasoya Organic Silken Tofu,Nasoya Organic Silken Tofu,dai_soy,dairy,16oz,"		$2.99/ea($2.99/lb)",2.99,ea(,2.99/lb),,
4847,Lightlife Organic Original Tempeh,Lightlife Organic Original Tempeh,dai_soy,dairy,8oz,"		$3.49/ea($6.98/lb)",3.49,ea(,6.98/lb),,
4848,Lightlife Smart Deli Veggie Turkey Slices,Lightlife Smart Deli Veggie Turkey Slices,dai_soy,dairy,5.5oz,"		$0.00/null",0,null,,,
4865,Athenos Feta Cheese,Athenos Feta Cheese,che_dai_chees,cheese,8oz,"		$5.59/ea($11.18/lb)",5.59,ea(,11.18/lb),,
4869,Horizon Organic American Cheese Singles,Horizon Organic American Cheese Singles,che_dai_chees,cheese,"12ct, 8oz","		$5.19/ea($10.38/lb)",5.19,ea(,10.38/lb),,
4870,"Just FreshDirect Cheddar Cheese, Sharp","Just FreshDirect Cheddar Cheese, Sharp",che_dai_chees,cheese,8oz,"		$2.99/ea($5.98/lb)",2.99,ea(,5.98/lb),,
4872,"Kraft Singles, American","Kraft Singles, American",che_dai_chees,cheese,16 slices (12oz),"		$4.29/ea($5.72/lb)",4.29,ea(,5.72/lb),,
4879,The Laughing Cow Light Original Swiss Spreadable Cheese Wedges,The Laughing Cow Light Original Swiss Spreadable Cheese Wedges,che_dai_chees,cheese,6oz,"		$3.69/ea($9.71/lb)",3.69,ea(,9.71/lb),,
4887,Breakfast Planner Package (Serves 4-6),Breakfast Planner Package (Serves 4-6),cat_pack,catering,NA,"		$55.00/ea",55,ea,,,
4888,Breakfast Planner Package (Serves 8-10) ,Breakfast Planner Package (Serves 8-10) ,cat_pack,catering,NA,"		$85.00/ea",85,ea,,,
4889,Entrée Catering Package (Serves 18-20),Entrée Catering Package (Serves 18-20),cat_pack,catering,NA,"		$289.99/ea",289.99,ea,,,
4890,Entrée Catering Package (Serves 8-10),Entrée Catering Package (Serves 8-10),cat_pack,catering,NA,"		$199.99/ea",199.99,ea,,,
4891,Hors d'Oeuvres Catering Package (Serves 12-16),Hors d'Oeuvres Catering Package (Serves 12-16),cat_pack,catering,NA,"		$269.99/ea",269.99,ea,,,
4892,Hors d'Oeuvres Catering Package (Serves 16-20),Hors d'Oeuvres Catering Package (Serves 16-20),cat_pack,catering,NA,"		$329.99/ea",329.99,ea,,,
4893,Hors d'Oeuvres Catering Package (Serves 20-24),Hors d'Oeuvres Catering Package (Serves 20-24),cat_pack,catering,NA,"		$389.99/ea",389.99,ea,,,
4894,Hors d'Oeuvres Catering Package (Serves 8-10),Hors d'Oeuvres Catering Package (Serves 8-10),cat_pack,catering,NA,"		$149.99/ea",149.99,ea,,,
4895,Lunch Planner Package (Serves 8-12),Lunch Planner Package (Serves 8-12),cat_pack,catering,NA,"		$149.99/ea",149.99,ea,,,
4896,Party Planner Package (Serves 8-12),Party Planner Package (Serves 8-12),cat_pack,catering,NA,"		$179.99/ea",179.99,ea,,,
4897,Smoked Fish Bounty Package (Serves up to 15),Smoked Fish Bounty Package (Serves up to 15),cat_pack,catering,NA,"		$275.00/ea",275,ea,,,
4898,Smoked Salmon Platter Package (Serves up to 12),Smoked Salmon Platter Package (Serves up to 12),cat_pack,catering,NA,"		$250.00/ea",250,ea,,,
4903,Handsome Brook Farm Cage-Free Pasture-Raised Grade A Large Brown Eggs,Handsome Brook Farm Cage-Free Pasture-Raised Grade A Large Brown Eggs,dai_eggs,dairy,1 dozen,"		$5.29/ea($0.44/ct)",5.29,ea(,0.44/ct),,
4911,Crystal Farms All Whites Liquid Egg Whites,Crystal Farms All Whites Liquid Egg Whites,dai_eggs,dairy,16oz,"		$3.59/ea",3.59,ea,,,
4912,Eggland's Best All-Natural Large Cage-Free Brown Eggs,Eggland's Best All-Natural Large Cage-Free Brown Eggs,dai_eggs,dairy,1 dozen,"		$4.29/ea($0.36/ct)",4.29,ea(,0.36/ct),,
4913,Pete and Gerry's Organic Large Brown Eggs,Pete and Gerry's Organic Large Brown Eggs,dai_eggs,dairy,1 dozen,"		$5.59/ea($0.47/ct)",5.59,ea(,0.47/ct),,
4914,"The Country Hen Organic Cage-Free Omega-3 Brown Egg, Extra-Large","The Country Hen Organic Cage-Free Omega-3 Brown Egg, Extra-Large",dai_eggs,dairy,12ct,"		$7.19/ea($0.60/ct)",7.19,ea(,0.60/ct),,
4915,"The Country Hen Organic Cage-Free Omega-3 Brown Egg, Large","The Country Hen Organic Cage-Free Omega-3 Brown Egg, Large",dai_eggs,dairy,12ct,"		$6.99/ea($0.58/ct)",6.99,ea(,0.58/ct),,
4916,Eggland's Best Hard-Cooked Peeled Eggs,Eggland's Best Hard-Cooked Peeled Eggs,dai_eggs,dairy,2ct,"		$1.79/ea($0.90/ct)",1.79,ea(,0.90/ct),,
4917,Eggland's Best Hard-Cooked Peeled Eggs,Eggland's Best Hard-Cooked Peeled Eggs,dai_eggs,dairy,6ct,"		$4.19/ea($0.70/ct)",4.19,ea(,0.70/ct),,
4918,Giroux's Poultry Farms Grade A Large Farm Fresh White Eggs,Giroux's Poultry Farms Grade A Large Farm Fresh White Eggs,dai_eggs,dairy,1 dozen,"		$0.00/null($0.00/ct)",0,null(,0.00/ct),,
4920,Giroux's Poultry Farms Grade A Large Farm Fresh Brown Eggs,Giroux's Poultry Farms Grade A Large Farm Fresh Brown Eggs,dai_eggs,dairy,1 dozen,"		$0.00/null($0.00/ct)",0,null(,0.00/ct),,
5072,Bleu d'Auvergne,Bleu d'Auvergne,blues,cheese,NA,"		$14.99/lb",14.99,lb,,,
5073,Cambozola,Cambozola,blues,cheese,NA,"		$19.99/lb",19.99,lb,,,
5075,Great Hill Dairy Blue Cheese,Great Hill Dairy Blue Cheese,blues,cheese,NA,"		$19.99/lb",19.99,lb,,,
5079,Stilton,Stilton,blues,cheese,NA,"		$17.99/lb",17.99,lb,,,
5081,Cashel Blue,Cashel Blue,blues,cheese,NA,"		$28.99/lb",28.99,lb,,,
5083,Creamy Gorgonzola,Creamy Gorgonzola,blues,cheese,NA,"		$18.99/lb",18.99,lb,,,
5084,English Huntsman,English Huntsman,blues,cheese,NA,"		$20.99/lb",20.99,lb,,,
5086,Maytag Blue,Maytag Blue,blues,cheese,NA,"		$20.99/lb",20.99,lb,,,
5087,Valdeón Blue Cheese,Valdeón Blue Cheese,blues,cheese,NA,"		$15.99/lb",15.99,lb,,,
5088,Danish Blue,Danish Blue,blues,cheese,NA,"		$0.00/null",0,null,,,
5092,Vegetables Crudites Platter,Vegetables Crudites Platter,cat_kids,catering,3.25 lb (Serves 8-10),"		$29.00/ea",29,ea,,,
5097,Chicken Tenders Platter,Chicken Tenders Platter,cat_kids,catering,approx 5lbs (Serves 8-10),"		$50.00/ea",50,ea,,,
5098,"Chocolate Lovers' Platter, Large","Chocolate Lovers' Platter, Large",cat_kids,catering,approx. 40pcs,"		$45.00/ea",45,ea,,,
5099,"Chocolate Lovers' Platter, Small","Chocolate Lovers' Platter, Small",cat_kids,catering,approx. 30pcs,"		$29.00/ea",29,ea,,,
5101,"Cookies & Brownies Platter, Large","Cookies & Brownies Platter, Large",cat_kids,catering,approx 35 pcs,"		$39.00/ea",39,ea,,,
5102,"Cookies & Brownies Platter, Small","Cookies & Brownies Platter, Small",cat_kids,catering,approx. 23 pcs,"		$24.00/ea",24,ea,,,
5103,Felicia's Favorites Cookie Platter,Felicia's Favorites Cookie Platter,cat_kids,catering,about 85 cookies (Serves 18-20),"		$35.00/ea",35,ea,,,
5105,FreshDirect Festive Cupcake Platter,FreshDirect Festive Cupcake Platter,cat_kids,catering,(18 pc),"		$32.99/ea",32.99,ea,,,
5106,FreshDirect Flower Power Cupcake Platter,FreshDirect Flower Power Cupcake Platter,cat_kids,catering,18pc,"		$27.99/ea",27.99,ea,,,
5107,FreshDirect Safari Animal Cupcake Platter,FreshDirect Safari Animal Cupcake Platter,cat_kids,catering,18pcs,"		$29.99/ea",29.99,ea,,,
5110,Kids Sandwich Platter,Kids Sandwich Platter,cat_kids,catering,16 pcs (Serves 4-8),"		$24.00/ea",24,ea,,,
5112,"Wild Patagonian Red Shrimp, Extra-Jumbo","Wild Patagonian Red Shrimp, Extra-Jumbo",ssrmp,seafood,NA,"		$13.99/lb",13.99,lb,,,
5113,"Blue Foot Fresh White Shrimp, Cleaned","Blue Foot Fresh White Shrimp, Cleaned",ssrmp,seafood,NA,"		$15.99/lb",15.99,lb,,,
5114,"Fresh Wild Shrimp, Extra-Jumbo","Fresh Wild Shrimp, Extra-Jumbo",ssrmp,seafood,NA,"		$16.99/lb",16.99,lb,,,
5115,Wild Madagascar Super Colossal Shrimp,Wild Madagascar Super Colossal Shrimp,ssrmp,seafood,4-5 shrimp per lb,"		$5.49/eaSave! 3 for $15.00",5.49,eaSave! 3 for ,15,,
5116,"Sides in a Snap Creamed Corn and Vegetables ""Esquites""","Sides in a Snap Creamed Corn and Vegetables ""Esquites""",ssrmp,seafood,12oz,"		$5.99/ea($7.99/lb)",5.99,ea(,7.99/lb),,
5117,"All-Natural Farm-Raised Shrimp, Cleaned, Extra-Large","All-Natural Farm-Raised Shrimp, Cleaned, Extra-Large",ssrmp,seafood,NA,"		$16.99/lb",16.99,lb,,,
5118,"All-Natural Farm-Raised Shrimp, Extra-Large","All-Natural Farm-Raised Shrimp, Extra-Large",ssrmp,seafood,NA,"		$12.99/lb",12.99,lb,,,
5119,"All-Natural Farm-Raised Shrimp, Medium","All-Natural Farm-Raised Shrimp, Medium",ssrmp,seafood,NA,"		$9.99/lb",9.99,lb,,,
5120,"All-Natural Farm-Raised Shrimp, Cleaned, Medium-Large ","All-Natural Farm-Raised Shrimp, Cleaned, Medium-Large ",ssrmp,seafood,NA,"		$0.00/null",0,null,,,
5121,"All-Natural Farm-Raised Shrimp, Cleaned, Medium","All-Natural Farm-Raised Shrimp, Cleaned, Medium",ssrmp,seafood,NA,"		$0.00/null",0,null,,,
5122,"All-Natural Farm-Raised Shrimp, Uncooked, Frozen & Cleaned, Extra-Large","All-Natural Farm-Raised Shrimp, Uncooked, Frozen & Cleaned, Extra-Large",ssrmp,seafood,2lb bag,"		$0.00/null",0,null,,,
5123,"All-Natural Farm-Raised Shrimp, Uncooked, Frozen & Cleaned, Medium","All-Natural Farm-Raised Shrimp, Uncooked, Frozen & Cleaned, Medium",ssrmp,seafood,2lb bag,"		$0.00/null",0,null,,,
5124,"Colossal Farm-Raised Shrimp, Cleaned","Colossal Farm-Raised Shrimp, Cleaned",ssrmp,seafood,NA,"		$19.99/lb",19.99,lb,,,
5125,"Farm Raised Shrimp, Cleaned, Extra Jumbo, Previously Frozen","Farm Raised Shrimp, Cleaned, Extra Jumbo, Previously Frozen",ssrmp,seafood,NA,"		$16.99/lb",16.99,lb,,,
5126,"Large Farm-Raised Cooked Shrimp Bag, Frozen, Cleaned","Large Farm-Raised Cooked Shrimp Bag, Frozen, Cleaned",ssrmp,seafood,1lb,"		$13.99/ea",13.99,ea,,,
5128,"Extra-Large Farm-Raised Cooked Shrimp, Frozen, Cleaned","Extra-Large Farm-Raised Cooked Shrimp, Frozen, Cleaned",ssrmp,seafood,1lb,"		$15.99/ea",15.99,ea,,,
5129,"Salad-Sized Farm-Raised Cooked Shrimp Bag, Frozen, Cleaned","Salad-Sized Farm-Raised Cooked Shrimp Bag, Frozen, Cleaned",ssrmp,seafood,1lb,"		$9.99/ea",9.99,ea,,,
5135,"Shrimp Cocktail Ring, Frozen","Shrimp Cocktail Ring, Frozen",ssrmp,seafood,Approx. 20-25 shrimp,"		$19.99/ea",19.99,ea,,,
5137,"Colossal Shrimp Cocktail Platter, Large","Colossal Shrimp Cocktail Platter, Large",ssrmp,seafood,"50pcs, approx. 3.3lbs","		$89.99/ea",89.99,ea,,,
5138,"Colossal Shrimp Cocktail Platter, Medium","Colossal Shrimp Cocktail Platter, Medium",ssrmp,seafood,"30pcs, approx. 2lbs","		$59.00/ea",59,ea,,,
5139,"Colossal Shrimp Cocktail Platter, Small","Colossal Shrimp Cocktail Platter, Small",ssrmp,seafood,"16pcs, approx. 1lb","		$40.00/ea",40,ea,,,
5140,"Sabra Hummus, Classic","Sabra Hummus, Classic",dai_humm,dairy,10oz,"		$3.99/ea($6.33/lb)",3.99,ea(,6.33/lb),,
5141,"Sabra Family Size Hummus, Classic","Sabra Family Size Hummus, Classic",dai_humm,dairy,17oz,"		$5.29/ea($4.99/lb)",5.29,ea(,4.99/lb),,
5142,"Sabra Family Size Hummus, Roasted Pine Nut","Sabra Family Size Hummus, Roasted Pine Nut",dai_humm,dairy,17oz,"		$5.29/ea($4.99/lb)",5.29,ea(,4.99/lb),,
5143,"Sabra Hummus, Roasted Garlic","Sabra Hummus, Roasted Garlic",dai_humm,dairy,10oz,"		$3.99/ea($6.33/lb)",3.99,ea(,6.33/lb),,
5144,"Sabra Hummus, Supremely Spicy","Sabra Hummus, Supremely Spicy",dai_humm,dairy,10oz,"		$3.99/ea($6.33/lb)",3.99,ea(,6.33/lb),,
5145,Tribe All Natural Hummus Snackers - Classic Flavor,Tribe All Natural Hummus Snackers - Classic Flavor,dai_humm,dairy,4pk (2oz each),"		$3.49/ea($6.98/lb)",3.49,ea(,6.98/lb),,
5146,"Sabra ""To Go"" Classic Hummus & Pretzel Chips","Sabra ""To Go"" Classic Hummus & Pretzel Chips",dai_humm,dairy,4.56oz,"		$2.19/ea($7.55/lb)",2.19,ea(,7.55/lb),,
5147,"Sabra Hummus Singles, Classic, Case","Sabra Hummus Singles, Classic, Case",dai_humm,dairy,"16pk, 2oz ea","		$9.99/ea($5.00/lb)",9.99,ea(,5.00/lb),,
5148,"Sabra Hummus, Olive Tapenade","Sabra Hummus, Olive Tapenade",dai_humm,dairy,10oz,"		$3.99/ea($6.33/lb)",3.99,ea(,6.33/lb),,
5149,"Sabra Hummus, Roasted Pine Nut","Sabra Hummus, Roasted Pine Nut",dai_humm,dairy,10oz,"		$3.99/ea($6.33/lb)",3.99,ea(,6.33/lb),,
5151,Tribe Everything All-Natural Hummus,Tribe Everything All-Natural Hummus,dai_humm,dairy,8oz,"		$3.49/ea($6.98/lb)",3.49,ea(,6.98/lb),,
5153,Tribe Mediterranean Style All-Natural Hummus,Tribe Mediterranean Style All-Natural Hummus,dai_humm,dairy,8oz,"		$3.49/ea($6.98/lb)",3.49,ea(,6.98/lb),,
5156,Boar's Head All Natural Traditional Hummus,Boar's Head All Natural Traditional Hummus,dai_humm,dairy,10oz,"		$3.99/ea($6.33/lb)",3.99,ea(,6.33/lb),,
5164,"Sabra ""To Go"" Roasted Garlic Hummus & Pretzel Chips","Sabra ""To Go"" Roasted Garlic Hummus & Pretzel Chips",dai_humm,dairy,4.56oz,"		$2.19/ea($7.55/lb)",2.19,ea(,7.55/lb),,
5165,"Sabra ""To Go"" Roasted Red Pepper Hummus & Pretzel Chips","Sabra ""To Go"" Roasted Red Pepper Hummus & Pretzel Chips",dai_humm,dairy,4.56oz,"		$2.19/ea($7.55/lb)",2.19,ea(,7.55/lb),,
5166,"Boar's Head All Natural Hummus, Roasted Pine Nut","Boar's Head All Natural Hummus, Roasted Pine Nut",dai_humm,dairy,10oz,"		$3.99/ea($6.33/lb)",3.99,ea(,6.33/lb),,
5167,"Boar's Head All Natural Hummus, Roasted Red Pepper","Boar's Head All Natural Hummus, Roasted Red Pepper",dai_humm,dairy,10oz,"		$3.99/ea($6.33/lb)",3.99,ea(,6.33/lb),,
5169,"Sabra Family Size Hummus, Roasted Garlic","Sabra Family Size Hummus, Roasted Garlic",dai_humm,dairy,17oz,"		$5.29/ea($4.98/lb)",5.29,ea(,4.98/lb),,
5170,"Sabra Family Size Hummus, Roasted Red Pepper","Sabra Family Size Hummus, Roasted Red Pepper",dai_humm,dairy,17oz,"		$5.29/ea($4.98/lb)",5.29,ea(,4.98/lb),,
5171,"Sabra Hummus Singles, Classic","Sabra Hummus Singles, Classic",dai_humm,dairy,"6pk, 2oz ea","		$4.99/ea($6.65/lb)",4.99,ea(,6.65/lb),,
5172,"Sabra Hummus, Spinach & Artichoke","Sabra Hummus, Spinach & Artichoke",dai_humm,dairy,10oz,"		$3.99/ea($6.38/lb)",3.99,ea(,6.38/lb),,
5173,"Sabra Hummus, Sun Dried Tomato","Sabra Hummus, Sun Dried Tomato",dai_humm,dairy,10oz,"		$3.99/ea($6.38/lb)",3.99,ea(,6.38/lb),,
5174,"Tribe Hummus, Lemon Rosemary Focaccia","Tribe Hummus, Lemon Rosemary Focaccia",dai_humm,dairy,8oz,"		$3.69/ea($7.38/lb)",3.69,ea(,7.38/lb),,
5175,"Tribe Hummus, Spicy Chipotle","Tribe Hummus, Spicy Chipotle",dai_humm,dairy,8oz,"		$3.69/ea($7.38/lb)",3.69,ea(,7.38/lb),,
5180,"Sabra Hummus, Roasted Red Pepper","Sabra Hummus, Roasted Red Pepper",dai_humm,dairy,10oz,"		$0.00/null($0.00/lb)",0,null(,0.00/lb),,
5184,"Tribe Hummus Party Tray, Classic, Roasted Garlic & Sweet-Roasted Red Pepper","Tribe Hummus Party Tray, Classic, Roasted Garlic & Sweet-Roasted Red Pepper",dai_humm,dairy,18oz,"		$0.00/null($0.00/lb)",0,null(,0.00/lb),,
5185,Ravello Fresh Egg Angel Hair,Ravello Fresh Egg Angel Hair,frshpasta,pasta,16oz,"		$3.39/ea($3.39/lb)",3.39,ea(,3.39/lb),,
5186,Ravello Fresh Egg Fettuccine,Ravello Fresh Egg Fettuccine,frshpasta,pasta,16oz,"		$3.39/ea($3.39/lb)",3.39,ea(,3.39/lb),,
5187,Ravello Fresh Egg Linguine,Ravello Fresh Egg Linguine,frshpasta,pasta,16oz,"		$3.39/ea($3.39/lb)",3.39,ea(,3.39/lb),,
5188,Ravello Fresh Egg Pappardelle,Ravello Fresh Egg Pappardelle,frshpasta,pasta,16oz,"		$3.39/ea($3.39/lb)",3.39,ea(,3.39/lb),,
5197,"Bars & Cookies Platter, Large","Bars & Cookies Platter, Large",cat_sweets,catering,"(30pcs, Serves 10-15)","		$29.99/ea",29.99,ea,,,
5198,"Bars & Cookies Platter, Small","Bars & Cookies Platter, Small",cat_sweets,catering,"(20pcs, Serves 8-10)","		$20.00/ea",20,ea,,,
5199,Berry & Chocolate Platter,Berry & Chocolate Platter,cat_sweets,catering,approx. 35 pcs (Serves 8-10),"		$55.00/ea",55,ea,,,
5201,"Bite-Sized Sweets Platter, Large","Bite-Sized Sweets Platter, Large",cat_sweets,catering,"(60pcs, Serves 12-15)","		$30.00/ea",30,ea,,,
5204,"Chocolate Treats Platter, Large","Chocolate Treats Platter, Large",cat_sweets,catering,"(27pcs, Serves 10-12)","		$39.99/ea",39.99,ea,,,
5205,"Chocolate Treats Platter, Small","Chocolate Treats Platter, Small",cat_sweets,catering,"(18pcs, Serves 6-8)","		$29.00/ea",29,ea,,,
5206,"Classic Cookie Assortment, Large","Classic Cookie Assortment, Large",cat_sweets,catering,35 pcs (Serves 10-15),"		$40.00/ea",40,ea,,,
5207,"Classic Cookie Assortment, Small","Classic Cookie Assortment, Small",cat_sweets,catering,15 pcs (Serves 6-8),"		$15.00/ea",15,ea,,,
5211,"Dried Fruit & Nut Platter, Large","Dried Fruit & Nut Platter, Large",cat_sweets,catering,3.5lbs (Serves 12-15),"		$25.00/ea",25,ea,,,
5222,Star-Spangled Cupcake Platter,Star-Spangled Cupcake Platter,cat_sweets,catering,18pcs,"		$27.99/ea($1.56/ct)",27.99,ea(,1.56/ct),,
5226,"The 'White Album' Sweets Platter, Large","The 'White Album' Sweets Platter, Large",cat_sweets,catering,"(25pcs, Serves 10-12)","		$24.99/ea",24.99,ea,,,
5227,"The 'White Album' Sweets Platter, Small","The 'White Album' Sweets Platter, Small",cat_sweets,catering,"(18pcs, Serves 6-8)","		$18.99/ea",18.99,ea,,,
5228,Trio Cupcake Platter,Trio Cupcake Platter,cat_sweets,catering,18pcs,"		$29.99/ea",29.99,ea,,,
5231,FreshDirect Carrot Cupcakes,FreshDirect Carrot Cupcakes,cat_sweets,catering,NA,"		$5.49/4pk($1.37/ct)",5.49,4pk(,1.37/ct),,
5232,FreshDirect Classic Carrot Cake w/ Cream Cheese Frosting,FreshDirect Classic Carrot Cake w/ Cream Cheese Frosting,cat_sweets,catering,"6""","		$12.99/ea($12.99/ct)",12.99,ea(,12.99/ct),,
5233,FreshDirect Dark Double Chocolate Layer Cake,FreshDirect Dark Double Chocolate Layer Cake,cat_sweets,catering,"6"", 2lb","		$12.99/ea($12.99/ct)",12.99,ea(,12.99/ct),,
5234,FreshDirect Double Chocolate Cupcakes,FreshDirect Double Chocolate Cupcakes,cat_sweets,catering,4 pack,"		$5.49/4pk($1.37/ct)",5.49,4pk(,1.37/ct),,
5235,FreshDirect Flourless Chocolate Cake,FreshDirect Flourless Chocolate Cake,cat_sweets,catering,"6""","		$9.99/ea($9.99/ct)",9.99,ea(,9.99/ct),,
5238,FreshDirect New York Cheesecake,FreshDirect New York Cheesecake,cat_sweets,catering,"6""","		$13.99/ea($13.99/ct)",13.99,ea(,13.99/ct),,
5239,FreshDirect Red Velvet Cupcakes,FreshDirect Red Velvet Cupcakes,cat_sweets,catering,4pk,"		$5.49/4pk($1.37/ct)",5.49,4pk(,1.37/ct),,
5240,FreshDirect Vanilla Cupcakes,FreshDirect Vanilla Cupcakes,cat_sweets,catering,4pk,"		$5.49/4pk($1.37/ct)",5.49,4pk(,1.37/ct),,
5241,Sticky Toffee Pudding Co.  Sticky Toffee Pudding,Sticky Toffee Pudding Co.  Sticky Toffee Pudding,cat_sweets,catering,4oz,"		$4.99/ea($19.96/lb)",4.99,ea(,19.96/lb),,
5254,Star-Spangled Cupcakes,Star-Spangled Cupcakes,cat_sweets,catering,4pk,"		$6.49/ea($1.62/ct)",6.49,ea(,1.62/ct),,
5255,Sticky Toffee Pudding Co.  Molten Chocolate Baby Cake,Sticky Toffee Pudding Co.  Molten Chocolate Baby Cake,cat_sweets,catering,4oz,"		$4.99/ea($4.99/ct)",4.99,ea(,4.99/ct),,
5265,"Manchego Mitica, Three-Month-Aged","Manchego Mitica, Three-Month-Aged",sheep,cheese,16oz,"		$14.99/lb",14.99,lb,,,
5273,Cypress Grove Creamline Lamb Chopper,Cypress Grove Creamline Lamb Chopper,sheep,cheese,NA,"		$26.99/lb",26.99,lb,,,
5275,"Manchego Mitica, Six-Month-Aged","Manchego Mitica, Six-Month-Aged",sheep,cheese,NA,"		$15.99/lb",15.99,lb,,,
5276,Old Chatham Sheepherding Company Hudson Valley Camembert,Old Chatham Sheepherding Company Hudson Valley Camembert,sheep,cheese,4.5oz,"		$8.99/ea",8.99,ea,,,
5277,Ossau Iraty,Ossau Iraty,sheep,cheese,NA,"		$19.99/lb",19.99,lb,,,
5278,Pecorino Toscano,Pecorino Toscano,sheep,cheese,NA,"		$12.99/lb",12.99,lb,,,
5279,Spanish Idiazábal Cheese,Spanish Idiazábal Cheese,sheep,cheese,NA,"		$17.99/lb",17.99,lb,,,
5281,Kashkaval,Kashkaval,sheep,cheese,NA,"		$12.99/lb",12.99,lb,,,
5282,Kasseri,Kasseri,sheep,cheese,NA,"		$12.99/lb",12.99,lb,,,
5283,Roncal,Roncal,sheep,cheese,NA,"		$19.99/lb",19.99,lb,,,
5284,Ricotta Salata,Ricotta Salata,sheep,cheese,NA,"		$0.00/null",0,null,,,
5287,"Ocean Mist Farms Celery, Medium","Ocean Mist Farms Celery, Medium",pas_herbs,pasta,(about 1lb ea),"		$2.99/eaSave! 2 for $5.00",2.99,eaSave! 2 for ,5,,
5289,Rainbow Pepper Pack,Rainbow Pepper Pack,pas_herbs,pasta,NA," 	$3.99/ea $5.99Save 32%",3.99,ea ,5.99Save 32%,,
5290,"Green Zucchini, Medium","Green Zucchini, Medium",pas_herbs,pasta,5.2oz,"		$1.99/lb",1.99,lb,,,
5291,Just FreshDirect Everything Rub,Just FreshDirect Everything Rub,pas_herbs,pasta,5.2oz,"		$4.99/ea($15.12/lb)",4.99,ea(,15.12/lb),,
5292,"Red Bell Pepper, Large","Red Bell Pepper, Large",pas_herbs,pasta,NA,"		$2.99/lb",2.99,lb,,,
5293,Green Bell Pepper,Green Bell Pepper,pas_herbs,pasta,NA,"		$2.49/lb",2.49,lb,,,
5295,Eggplant,Eggplant,pas_herbs,pasta,8oz,"		$1.99/lb",1.99,lb,,,
5298,Thyme,Thyme,pas_herbs,pasta,NA,"		$1.99/ea",1.99,ea,,,
5301,Ocean Mist Farms Celery Hearts,Ocean Mist Farms Celery Hearts,pas_herbs,pasta,(2 per bag),"		$3.49/pkgSave! 2 for $6.00",3.49,pkgSave! 2 for ,6,,
5302,Basil,Basil,pas_herbs,pasta,NA,"		$3.99/ea",3.99,ea,,,
5303,Curly Parsley,Curly Parsley,pas_herbs,pasta,NA,"		$1.99/ea",1.99,ea,,,
5306,Sage,Sage,pas_herbs,pasta,NA,"		$1.99/ea",1.99,ea,,,
5308,Oregano,Oregano,pas_herbs,pasta,NA,"		$1.99/ea",1.99,ea,,,
5311,"Chobani All Natural Non-Fat Greek Yogurt Variety Pack (Strawberry, Peach, Blueberry)","Chobani All Natural Non-Fat Greek Yogurt Variety Pack (Strawberry, Peach, Blueberry)",dai_family_size,buybig,12 pack (5.3oz ea),"		$15.99/cs",15.99,cs,,,
5312,"Fage TOTAL 0% Plain Greek Yogurt, Case","Fage TOTAL 0% Plain Greek Yogurt, Case",dai_family_size,buybig,"6oz, 12 per case","		$17.99/cs($3.63/lb)",17.99,cs(,3.63/lb),,
5313,"Amish Country Farms Organic Whole Milk, Case","Amish Country Farms Organic Whole Milk, Case",dai_family_size,buybig,"1/2 gallon, 6 per case","		$24.49/cs",24.49,cs,,,
5314,"Dannon Lowfat Coffee Yogurt, Case","Dannon Lowfat Coffee Yogurt, Case",dai_family_size,buybig,"6oz, 12 per case","		$9.49/cs($1.92/lb)",9.49,cs(,1.92/lb),,
5315,"Fage TOTAL 2% Greek Yogurt with Honey, Case","Fage TOTAL 2% Greek Yogurt with Honey, Case",dai_family_size,buybig,"5.3oz, 12 per case","		$17.99/cs($4.52/lb)",17.99,cs(,4.52/lb),,
5316,"Fage TOTAL 2% Greek Yogurt, Case","Fage TOTAL 2% Greek Yogurt, Case",dai_family_size,buybig,"7oz, 12 per case","		$17.99/cs($3.63/lb)",17.99,cs(,3.63/lb),,
5317,"Organic Valley 2% Milk, Case","Organic Valley 2% Milk, Case",dai_family_size,buybig,"1/2 gallon, 6 per case","		$29.99/cs",29.99,cs,,,
5318,"Organic Valley Ultra-Pasteurized Whole Milk, Case","Organic Valley Ultra-Pasteurized Whole Milk, Case",dai_family_size,buybig,"1/2 gallon, 6 per case","		$29.99/cs",29.99,cs,,,
5319,"Stonyfield Farm Organic Wild Berry Smoothie, Case","Stonyfield Farm Organic Wild Berry Smoothie, Case",dai_family_size,buybig,"10oz, 12 per case","		$23.49/cs",23.49,cs,,,
5321,"Tuscan Dairy Farms Half & Half, Case","Tuscan Dairy Farms Half & Half, Case",dai_family_size,buybig,"1 quart, 12ct","		$31.99/box",31.99,box,,,
5322,"Amish Country Farms Organic 1% Milk, Case","Amish Country Farms Organic 1% Milk, Case",dai_family_size,buybig,"1/2 gallon, 6 per case","		$24.49/cs",24.49,cs,,,
5323,"Amish Country Farms Organic 2% Milk, Case","Amish Country Farms Organic 2% Milk, Case",dai_family_size,buybig,"1/2 gallon, 6 per case","		$24.49/cs",24.49,cs,,,
5324,"Amish Country Farms Organic Fat-Free Milk, Case","Amish Country Farms Organic Fat-Free Milk, Case",dai_family_size,buybig,"1/2 gallon, 6 per case","		$24.49/cs",24.49,cs,,,
5325,"Chobani All Natural Low-Fat Greek Yogurt, Fruit on the Bottom, Strawberry Banana, Case","Chobani All Natural Low-Fat Greek Yogurt, Fruit on the Bottom, Strawberry Banana, Case",dai_family_size,buybig,"5.3oz ea, 12ct","		$15.99/cs($4.02/lb)",15.99,cs(,4.02/lb),,
5326,"Chobani All Natural Non-Fat Greek Yogurt, Fruit on the Bottom,  Black Cherry, Case","Chobani All Natural Non-Fat Greek Yogurt, Fruit on the Bottom,  Black Cherry, Case",dai_family_size,buybig,"5.3oz ea, 12ct","		$15.99/cs($4.02/lb)",15.99,cs(,4.02/lb),,
5327,"Chobani All Natural Non-Fat Greek Yogurt, Fruit on the Bottom, Blueberry, Case","Chobani All Natural Non-Fat Greek Yogurt, Fruit on the Bottom, Blueberry, Case",dai_family_size,buybig,"5.3oz ea, 12ct","		$15.99/cs($4.02/lb)",15.99,cs(,4.02/lb),,
5328,"Chobani All Natural Non-Fat Greek Yogurt, Fruit on the Bottom, Peach, Case","Chobani All Natural Non-Fat Greek Yogurt, Fruit on the Bottom, Peach, Case",dai_family_size,buybig,"5.3oz ea, 12ct","		$15.99/cs($4.02/lb)",15.99,cs(,4.02/lb),,
5329,"Chobani All Natural Non-Fat Greek Yogurt, Fruit on the Bottom, Strawberry, Case","Chobani All Natural Non-Fat Greek Yogurt, Fruit on the Bottom, Strawberry, Case",dai_family_size,buybig,"5.3oz ea, 12ct","		$15.99/cs($4.02/lb)",15.99,cs(,4.02/lb),,
5330,"Chobani All Natural Non-Fat Greek Yogurt, Plain, Case","Chobani All Natural Non-Fat Greek Yogurt, Plain, Case",dai_family_size,buybig,"5.3oz ea, 12ct","		$15.99/cs($4.02/lb)",15.99,cs(,4.02/lb),,
5331,"Coffee-Mate Fat-Free Non-Dairy Creamer, French Vanilla, Case","Coffee-Mate Fat-Free Non-Dairy Creamer, French Vanilla, Case",dai_family_size,buybig,"16oz ea, 12ct","		$33.99/cs($2.83/pt)",33.99,cs(,2.83/pt),,
5332,"Coffee-Mate Non-Dairy Creamer, French Vanilla, Case","Coffee-Mate Non-Dairy Creamer, French Vanilla, Case",dai_family_size,buybig,"16oz ea, 12ct","		$33.99/cs($2.83/pt)",33.99,cs(,2.83/pt),,
5333,"Dannon Fruit on the Bottom Lowfat Blueberry Yogurt, Case","Dannon Fruit on the Bottom Lowfat Blueberry Yogurt, Case",dai_family_size,buybig,"6oz, 12 per case","		$9.49/cs($1.92/lb)",9.49,cs(,1.92/lb),,
5334,"Dannon Fruit on the Bottom Lowfat Peach Yogurt, Case","Dannon Fruit on the Bottom Lowfat Peach Yogurt, Case",dai_family_size,buybig,"6oz, 12 per case","		$9.49/cs($1.92/lb)",9.49,cs(,1.92/lb),,
5335,"Dannon Lowfat Vanilla Yogurt, Case","Dannon Lowfat Vanilla Yogurt, Case",dai_family_size,buybig,"6oz, 12 per case","		$9.49/cs($1.92/lb)",9.49,cs(,1.92/lb),,
5336,"Fage TOTAL 0% Greek Yogurt with Blueberry Acai, Case","Fage TOTAL 0% Greek Yogurt with Blueberry Acai, Case",dai_family_size,buybig,"5.3oz ea, 12ct","		$17.99/cs($4.52/lb)",17.99,cs(,4.52/lb),,
5337,"Fage TOTAL 0% Greek Yogurt with Honey, Case","Fage TOTAL 0% Greek Yogurt with Honey, Case",dai_family_size,buybig,"5.3oz ea, 12ct","		$17.99/cs($4.52/lb)",17.99,cs(,4.52/lb),,
5338,"Fage TOTAL 0% Greek Yogurt with Raspberry, Case","Fage TOTAL 0% Greek Yogurt with Raspberry, Case",dai_family_size,buybig,"5.3oz ea, 12ct","		$17.99/cs($4.52/lb)",17.99,cs(,4.52/lb),,
5339,"Fage TOTAL 2% Greek Yogurt with Cherry, Case","Fage TOTAL 2% Greek Yogurt with Cherry, Case",dai_family_size,buybig,"5.3oz ea, 12ct","		$17.99/cs($4.52/lb)",17.99,cs(,4.52/lb),,
5340,"Fage TOTAL 2% Greek Yogurt with Peach, Case","Fage TOTAL 2% Greek Yogurt with Peach, Case",dai_family_size,buybig,"5.3oz ea, 12ct","		$17.99/cs($4.52/lb)",17.99,cs(,4.52/lb),,
5341,"Fage TOTAL 2% Greek Yogurt with Strawberry, Case","Fage TOTAL 2% Greek Yogurt with Strawberry, Case",dai_family_size,buybig,"5.3oz ea, 12ct","		$17.99/cs($4.52/lb)",17.99,cs(,4.52/lb),,
5343,"Horizon Organic 1% Milk, Case","Horizon Organic 1% Milk, Case",dai_family_size,buybig,"1/2 gallon ea, 6ct","		$28.49/cs",28.49,cs,,,
5344,"Horizon Organic 2% Milk, Case","Horizon Organic 2% Milk, Case",dai_family_size,buybig,"1/2 gallon ea, 6ct","		$28.49/cs",28.49,cs,,,
5345,"Horizon Organic Fat Free Milk, Case","Horizon Organic Fat Free Milk, Case",dai_family_size,buybig,"1/2 gallon ea, 6ct","		$28.49/cs",28.49,cs,,,
5346,"Horizon Organic Whole Milk with DHA Omega-3 & Vitamin D, Case","Horizon Organic Whole Milk with DHA Omega-3 & Vitamin D, Case",dai_family_size,buybig,"1/2 gallon ea, 6ct","		$29.49/cs",29.49,cs,,,
5347,"Horizon Organic Whole Milk, Case","Horizon Organic Whole Milk, Case",dai_family_size,buybig,"1/2 gallon ea, 6ct","		$28.49/cs",28.49,cs,,,
5348,"Just FreshDirect 1% Lowfat Milk, Case","Just FreshDirect 1% Lowfat Milk, Case",dai_family_size,buybig,"6 per case, 1/2 gallon ea","		$14.99/box",14.99,box,,,
5349,"Just FreshDirect 2% Reduced Fat Milk, Case","Just FreshDirect 2% Reduced Fat Milk, Case",dai_family_size,buybig,"6 per case, 1/2 gallon ea","		$14.99/box",14.99,box,,,
5350,"Just FreshDirect Fat Free Milk, Case","Just FreshDirect Fat Free Milk, Case",dai_family_size,buybig,"6 per case, 1/2 gallon ea","		$14.99/box",14.99,box,,,
5351,"Just FreshDirect Local Nonfat Greek Yogurt, Black Cherry, Case","Just FreshDirect Local Nonfat Greek Yogurt, Black Cherry, Case",dai_family_size,buybig,"5.3oz ea, 12ct","		$13.49/cs($3.39/lb)",13.49,cs(,3.39/lb),,
5352,"Just FreshDirect Local Nonfat Greek Yogurt, Blueberry, Case","Just FreshDirect Local Nonfat Greek Yogurt, Blueberry, Case",dai_family_size,buybig,"5.3oz ea, 12ct","		$13.49/cs($3.39/lb)",13.49,cs(,3.39/lb),,
5353,"Just FreshDirect Local Nonfat Greek Yogurt, Peach, Case","Just FreshDirect Local Nonfat Greek Yogurt, Peach, Case",dai_family_size,buybig,"5.3oz ea, 12ct","		$13.49/cs($3.39/lb)",13.49,cs(,3.39/lb),,
5354,"Just FreshDirect Local Nonfat Greek Yogurt, Pineapple, Case","Just FreshDirect Local Nonfat Greek Yogurt, Pineapple, Case",dai_family_size,buybig,"5.3oz ea, 12ct","		$13.49/cs($3.39/lb)",13.49,cs(,3.39/lb),,
5355,"Just FreshDirect Local Nonfat Greek Yogurt, Plain, Case","Just FreshDirect Local Nonfat Greek Yogurt, Plain, Case",dai_family_size,buybig,"5.3oz ea, 12ct","		$13.49/cs($3.39/lb)",13.49,cs(,3.39/lb),,
5356,"Just FreshDirect Local Nonfat Greek Yogurt, Strawberry, Case","Just FreshDirect Local Nonfat Greek Yogurt, Strawberry, Case",dai_family_size,buybig,"5.3oz ea, 12ct","		$13.49/cs($3.39/lb)",13.49,cs(,3.39/lb),,
5357,"Just FreshDirect Low-Moisture Part-Skim Mozzarella String Cheese, Case","Just FreshDirect Low-Moisture Part-Skim Mozzarella String Cheese, Case",dai_family_size,buybig,"12oz ea, 12ct","		$49.49/cs",49.49,cs,,,
5358,"Just FreshDirect Low-Moisture Part-Skim Mozzarella String Cheese, Light, Case","Just FreshDirect Low-Moisture Part-Skim Mozzarella String Cheese, Light, Case",dai_family_size,buybig,"12oz ea, 12ct","		$49.49/cs",49.49,cs,,,
5359,"Just FreshDirect Organic 1% Lowfat Milk, Case","Just FreshDirect Organic 1% Lowfat Milk, Case",dai_family_size,buybig,"1/2 gallon ea, 6ct","		$21.49/cs",21.49,cs,,,
5360,"Just FreshDirect Organic 2% Reduced Fat Milk, Case","Just FreshDirect Organic 2% Reduced Fat Milk, Case",dai_family_size,buybig,"1/2 gallon ea, 6ct","		$21.49/cs",21.49,cs,,,
5361,"Just FreshDirect Organic Fat Free Milk, Case","Just FreshDirect Organic Fat Free Milk, Case",dai_family_size,buybig,"1/2 gallon ea, 6ct","		$21.49/cs",21.49,cs,,,
5362,"Just FreshDirect Organic Whole Milk, Case","Just FreshDirect Organic Whole Milk, Case",dai_family_size,buybig,"1/2 gallon ea, 6ct","		$21.49/cs",21.49,cs,,,
5363,"Just FreshDirect Whole Milk, Case","Just FreshDirect Whole Milk, Case",dai_family_size,buybig,"6 per case, 1/2 gallon ea","		$14.99/box",14.99,box,,,
5370,"Nestlé Nesquik Fat Free Chocolate Milk, Case","Nestlé Nesquik Fat Free Chocolate Milk, Case",dai_family_size,buybig,"12ct, 16oz ea","		$19.99/cs($1.67/pt)",19.99,cs(,1.67/pt),,
5371,"Nestlé Nesquik Reduced Fat Chocolate Milk, Case","Nestlé Nesquik Reduced Fat Chocolate Milk, Case",dai_family_size,buybig,"12ct, 16oz ea","		$19.99/cs($1.67/pt)",19.99,cs(,1.67/pt),,
5374,"Organic Valley 1% Milk, Case","Organic Valley 1% Milk, Case",dai_family_size,buybig,"1/2 gallon, 6 per case","		$29.99/cs",29.99,cs,,,
5375,"Organic Valley Half & Half, Case","Organic Valley Half & Half, Case",dai_family_size,buybig,"1 pint ea, 12ct","		$28.99/cs",28.99,cs,,,
5376,"Organic Valley Mozzarella Stringles, Case","Organic Valley Mozzarella Stringles, Case",dai_family_size,buybig,"6oz ea, 12ct","		$58.99/cs($13.11/lb)",58.99,cs(,13.11/lb),,
5377,"Organic Valley Nonfat Milk, Case","Organic Valley Nonfat Milk, Case",dai_family_size,buybig,"1/2 gallon, 6 per case","		$29.99/cs",29.99,cs,,,
5385,"Silk PureAlmond All-Natural Almond Milk, Original, Case","Silk PureAlmond All-Natural Almond Milk, Original, Case",dai_family_size,buybig,"64oz ea, 6ct","		$22.49/cs",22.49,cs,,,
5386,"Silk PureAlmond All-Natural Almond Milk, Unsweetened, Case","Silk PureAlmond All-Natural Almond Milk, Unsweetened, Case",dai_family_size,buybig,"64oz ea, 6ct","		$22.49/cs",22.49,cs,,,
5387,"Silk PureAlmond All-Natural Almond Milk, Vanilla, Case","Silk PureAlmond All-Natural Almond Milk, Vanilla, Case",dai_family_size,buybig,"64oz ea, 6ct","		$22.49/cs",22.49,cs,,,
5388,"Silk PureAlmond All-Natural Unsweetened Almond Milk, Vanilla, Case","Silk PureAlmond All-Natural Unsweetened Almond Milk, Vanilla, Case",dai_family_size,buybig,"64oz ea, 6ct","		$22.49/cs",22.49,cs,,,
5389,"Silk Soy Creamer, Vanilla, Case","Silk Soy Creamer, Vanilla, Case",dai_family_size,buybig,"1pt ea, 12ct","		$25.49/cs",25.49,cs,,,
5391,"Silk Soymilk, Unsweetened, Case","Silk Soymilk, Unsweetened, Case",dai_family_size,buybig,"64oz ea, 6ct","		$22.49/cs",22.49,cs,,,
5392,"Silk Soymilk, Vanilla, Case","Silk Soymilk, Vanilla, Case",dai_family_size,buybig,"64oz ea, 6ct","		$22.49/cs",22.49,cs,,,
5394,"Skim Plus 100% Fat Free Half & Half, Case","Skim Plus 100% Fat Free Half & Half, Case",dai_family_size,buybig,"1qt ea, 12ct","		$35.49/cs",35.49,cs,,,
5395,"Skim Plus Milk, Case","Skim Plus Milk, Case",dai_family_size,buybig,"1 quart, 12ct","		$29.99/box",29.99,box,,,
5396,"Stonyfield Farm Organic Lowfat Yogurt, French Vanilla, Case","Stonyfield Farm Organic Lowfat Yogurt, French Vanilla, Case",dai_family_size,buybig,"6oz, 12 per case","		$12.49/cs($2.52/lb)",12.49,cs(,2.52/lb),,
5397,"Stonyfield Farm Organic Nonfat Yogurt, French Vanilla, Case","Stonyfield Farm Organic Nonfat Yogurt, French Vanilla, Case",dai_family_size,buybig,"6oz, 12 per case","		$12.49/cs($2.52/lb)",12.49,cs(,2.52/lb),,
5398,"Stonyfield Farm Organic Peach Smoothie, Case","Stonyfield Farm Organic Peach Smoothie, Case",dai_family_size,buybig,"10oz, 12 per case","		$23.49/cs",23.49,cs,,,
5399,"The Laughing Cow Mini Babybel Cheese, Case","The Laughing Cow Mini Babybel Cheese, Case",dai_family_size,buybig,"6pc/pack, 12ct","		$39.49/cs($0.55/ct)",39.49,cs(,0.55/ct),,
5400,"The Laughing Cow Mini Babybel Light Cheese, Case","The Laughing Cow Mini Babybel Light Cheese, Case",dai_family_size,buybig,"6pc/pack, 12ct","		$39.49/cs",39.49,cs,,,
5408,"Tuscan Dairy Farms Dairy Pure Fat Free Milk, Case","Tuscan Dairy Farms Dairy Pure Fat Free Milk, Case",dai_family_size,buybig,"1 quart, 12ct","		$14.99/box",14.99,box,,,
5409,"Tuscan Dairy Farms Dairy Pure Whole Milk, Case","Tuscan Dairy Farms Dairy Pure Whole Milk, Case",dai_family_size,buybig,"1 quart, 12ct","		$14.99/box",14.99,box,,,
5410,"Tuscan Dairy Farms Half & Half, Case","Tuscan Dairy Farms Half & Half, Case",dai_family_size,buybig,"1pt ea, 12ct","		$20.99/cs($1.75/pt)",20.99,cs(,1.75/pt),,
5414,"Dannon Fat Free Plain Yogurt, Case","Dannon Fat Free Plain Yogurt, Case",dai_family_size,buybig,"6oz, 12 per case"," 	$0.00/null $10.68($0.00/lb)",0,null ,10.68(0.00/lb),0.00/lb),
5415,"Fage TOTAL 2% Greek Yogurt with Blueberry, Case","Fage TOTAL 2% Greek Yogurt with Blueberry, Case",dai_family_size,buybig,"5.3oz ea, 12ct","		$0.00/null($0.00/lb)",0,null(,0.00/lb),,
5421,"Organic Valley Half & Half, Case","Organic Valley Half & Half, Case",dai_family_size,buybig,"1qt ea, 12ct","		$0.00/null",0,null,,,
5425,"Cascadian Farm Organic Blueberries, Frozen","Cascadian Farm Organic Blueberries, Frozen",organic,shop,8oz bag,"		$3.99/ea($7.98/lb)",3.99,ea(,7.98/lb),,
5427,"Wild Harvest Organic Whole Strawberries, Frozen","Wild Harvest Organic Whole Strawberries, Frozen",organic,shop,10oz,"		$3.19/ea($5.06/lb)",3.19,ea(,5.06/lb),,
5428,Alexia Sweet Potato Julienne Fries with Sea Salt,Alexia Sweet Potato Julienne Fries with Sea Salt,organic,shop,20oz,"		$4.59/ea($3.67/lb)",4.59,ea(,3.67/lb),,
5431,Amy's Macaroni & Cheese,Amy's Macaroni & Cheese,organic,shop,9oz,"		$3.79/ea($6.77/lb)",3.79,ea(,6.77/lb),,
5435,Earth's Best Organic Mini Blueberry Waffles,Earth's Best Organic Mini Blueberry Waffles,organic,shop,8oz,"		$2.99/ea($5.98/lb)",2.99,ea(,5.98/lb),,
5436,Van's Flax Wheat-Free Gluten-Free Waffles,Van's Flax Wheat-Free Gluten-Free Waffles,organic,shop,6pc (9oz),"		$3.49/ea",3.49,ea,,,
5437,Alexia Organic Yukon Select Fries,Alexia Organic Yukon Select Fries,organic,shop,22oz,"		$4.59/ea($3.33/lb)",4.59,ea(,3.33/lb),,
5442,Cascadian Farm Crinkle Cut French Fries,Cascadian Farm Crinkle Cut French Fries,organic,shop,16oz bag,"		$3.29/ea($3.29/lb)",3.29,ea(,3.29/lb),,
5448,"Food For Life 7 Sprouted Grains English Muffins, Frozen","Food For Life 7 Sprouted Grains English Muffins, Frozen",organic,shop,6pc (16oz),"		$4.99/ea($4.99/lb)",4.99,ea(,4.99/lb),,
5449,"Food For Life Ezekiel 4:9 Sprouted Grain Bread, Frozen","Food For Life Ezekiel 4:9 Sprouted Grain Bread, Frozen",organic,shop,24oz,"		$5.59/ea($3.73/lb)",5.59,ea(,3.73/lb),,
5451,"Just FreshDirect Organic Frozen Fruit, Blueberries","Just FreshDirect Organic Frozen Fruit, Blueberries",organic,shop,10oz,"		$4.49/ea($7.13/lb)",4.49,ea(,7.13/lb),,
5452,"Just FreshDirect Organic Frozen Fruit, Strawberries","Just FreshDirect Organic Frozen Fruit, Strawberries",organic,shop,10oz,"		$3.69/ea($5.86/lb)",3.69,ea(,5.86/lb),,
5455,Van's Multigrain Waffles,Van's Multigrain Waffles,organic,shop,6pc (8oz),"		$3.49/ea($6.98/lb)",3.49,ea(,6.98/lb),,
5456,Van's Organic Blueberry Waffles,Van's Organic Blueberry Waffles,organic,shop,6pc (8.5oz),"		$3.49/ea($6.58/lb)",3.49,ea(,6.58/lb),,
5457,Alexia Onion Rings with Sea Salt,Alexia Onion Rings with Sea Salt,organic,shop,13.5oz,"		$4.59/ea($5.46/lb)",4.59,ea(,5.46/lb),,
5458,"Alexia Oven Fries, Organic Wedge Cut","Alexia Oven Fries, Organic Wedge Cut",organic,shop,16oz,"		$3.59/ea($3.59/lb)",3.59,ea(,3.59/lb),,
5459,Alexia Waffle Cut Sweet Potato with Seasoned Salt,Alexia Waffle Cut Sweet Potato with Seasoned Salt,organic,shop,20oz,"		$4.59/ea($3.67/lb)",4.59,ea(,3.67/lb),,
5460,Alexia Waffle Fries with Seasoned Salt,Alexia Waffle Fries with Seasoned Salt,organic,shop,20oz,"		$4.59/ea($3.67/lb)",4.59,ea(,3.67/lb),,
5474,"Applegate Farms Chicken Patties, No Antibiotics Used (Fully Cooked)","Applegate Farms Chicken Patties, No Antibiotics Used (Fully Cooked)",organic,shop,"4ct, 3oz ea","		$7.99/ea($10.65/lb)",7.99,ea(,10.65/lb),,
5476,"Blue Marble Organic Ice Cream, Chocolate","Blue Marble Organic Ice Cream, Chocolate",organic,shop,14oz,"		$6.99/ea($7.94/lb)",6.99,ea(,7.94/lb),,
5477,"Blue Marble Organic Ice Cream, Cookies & Cream","Blue Marble Organic Ice Cream, Cookies & Cream",organic,shop,14oz,"		$6.99/ea($7.94/lb)",6.99,ea(,7.94/lb),,
5478,"Blue Marble Organic Ice Cream, Vanilla","Blue Marble Organic Ice Cream, Vanilla",organic,shop,14oz,"		$6.99/ea($7.94/lb)",6.99,ea(,7.94/lb),,
5483,Cascadian Farm Organic Hash Browns,Cascadian Farm Organic Hash Browns,organic,shop,16oz bag,"		$3.29/ea($3.29/lb)",3.29,ea(,3.29/lb),,
5485,Cascadian Farm Organic Potato Spud Puppies,Cascadian Farm Organic Potato Spud Puppies,organic,shop,16oz bag,"		$3.29/ea($3.29/lb)",3.29,ea(,3.29/lb),,
5489,Earth's Best Elmo Mac 'n Cheese with Carrots & Broccoli,Earth's Best Elmo Mac 'n Cheese with Carrots & Broccoli,organic,shop,7oz,"		$3.29/ea($7.48/lb)",3.29,ea(,7.48/lb),,
5490,"Edy's Outshine Fruit Bars, Strawberry","Edy's Outshine Fruit Bars, Strawberry",organic,shop,6ct,"		$4.99/ea($4.84/lb)",4.99,ea(,4.84/lb),,
5491,"Food For Life Ezekiel 4:9 Cinnamon Raisin Sprouted Grain Bread, Frozen","Food For Life Ezekiel 4:9 Cinnamon Raisin Sprouted Grain Bread, Frozen",organic,shop,24oz,"		$6.29/ea($4.19/lb)",6.29,ea(,4.19/lb),,
5492,"Food For Life Ezekiel 4:9 Sesame Sprouted Grain Bread, Frozen","Food For Life Ezekiel 4:9 Sesame Sprouted Grain Bread, Frozen",organic,shop,24oz,"		$5.59/ea($3.73/lb)",5.59,ea(,3.73/lb),,
5496,"Just FreshDirect Organic Frozen Fruit, Antioxidant Blend","Just FreshDirect Organic Frozen Fruit, Antioxidant Blend",organic,shop,10oz,"		$4.49/ea($7.13/lb)",4.49,ea(,7.13/lb),,
5497,"Just FreshDirect Organic Frozen Fruit, Berry Medley","Just FreshDirect Organic Frozen Fruit, Berry Medley",organic,shop,10oz,"		$4.49/ea($7.13/lb)",4.49,ea(,7.13/lb),,
5498,"Just FreshDirect Organic Frozen Fruit, Dark Sweet Cherries","Just FreshDirect Organic Frozen Fruit, Dark Sweet Cherries",organic,shop,10oz,"		$4.49/ea($7.13/lb)",4.49,ea(,7.13/lb),,
5499,"Just FreshDirect Organic Frozen Fruit, Mango Chunks","Just FreshDirect Organic Frozen Fruit, Mango Chunks",organic,shop,10oz,"		$3.69/ea($5.86/lb)",3.69,ea(,5.86/lb),,
5500,"Just FreshDirect Organic Frozen Fruit, Raspberries","Just FreshDirect Organic Frozen Fruit, Raspberries",organic,shop,10oz,"		$5.29/ea($8.40/lb)",5.29,ea(,8.40/lb),,
5501,Kidfresh All Natural Muy Cheesy Quesadillas,Kidfresh All Natural Muy Cheesy Quesadillas,organic,shop,4.2oz,"		$4.19/ea($16.12/lb)",4.19,ea(,16.12/lb),,
5502,Kidfresh All Natural Totally Twisted Pasta + Meatballs,Kidfresh All Natural Totally Twisted Pasta + Meatballs,organic,shop,7.6oz,"		$4.19/ea($8.73/lb)",4.19,ea(,8.73/lb),,
5503,Kidfresh All Natural Wagon Wheels Mac + Cheese,Kidfresh All Natural Wagon Wheels Mac + Cheese,organic,shop,6.3oz,"		$4.19/ea($10.74/lb)",4.19,ea(,10.74/lb),,
5508,Ronnybrook Hudson Valley Vanilla Ice Cream,Ronnybrook Hudson Valley Vanilla Ice Cream,organic,shop,pint (473ml),"		$4.69/ea",4.69,ea,,,
5511,Van's Organic Homestyle Waffles,Van's Organic Homestyle Waffles,organic,shop,6pc (8oz),"		$3.49/ea($6.98/lb)",3.49,ea(,6.98/lb),,
5512,"Van's Whole Grain Minis, Simply Wholesome Waffles","Van's Whole Grain Minis, Simply Wholesome Waffles",organic,shop,32ct (8oz),"		$3.49/ea($7.43/lb)",3.49,ea(,7.43/lb),,
5523,Amy's Rice Mac & Cheese (Made with Organic Rice Pasta),Amy's Rice Mac & Cheese (Made with Organic Rice Pasta),organic,shop,9oz,"		$3.79/ea($6.77/lb)",3.79,ea(,6.77/lb),,
5525,Amy's Tofu Scramble Breakfast with Hash Browns & Veggies,Amy's Tofu Scramble Breakfast with Hash Browns & Veggies,organic,shop,9oz,"		$4.89/ea($8.73/lb)",4.89,ea(,8.73/lb),,
5526,"Blue Marble Organic Ice Cream, Green Tea","Blue Marble Organic Ice Cream, Green Tea",organic,shop,14oz,"		$6.99/ea($7.94/lb)",6.99,ea(,7.94/lb),,
5527,"Blue Marble Organic Ice Cream, Strawberry","Blue Marble Organic Ice Cream, Strawberry",organic,shop,14oz,"		$6.99/ea($7.94/lb)",6.99,ea(,7.94/lb),,
5542,Kashi Black Bean Mango with Whole Grain Pilaf,Kashi Black Bean Mango with Whole Grain Pilaf,organic,shop,10oz,"		$4.39/ea($6.97/lb)",4.39,ea(,6.97/lb),,
5543,Kashi Lemongrass Coconut Chicken,Kashi Lemongrass Coconut Chicken,organic,shop,10oz,"		$4.39/ea($6.97/lb)",4.39,ea(,6.97/lb),,
5545,Van's 97% Fat-Free Whole Grain Waffles,Van's 97% Fat-Free Whole Grain Waffles,organic,shop,6pc (8oz),"		$3.49/ea($6.98/lb)",3.49,ea(,6.98/lb),,
5547,"Amy's Enchilada Verde, Spinach & Cheese","Amy's Enchilada Verde, Spinach & Cheese",organic,shop,10oz,"		$4.89/ea($7.76/lb)",4.89,ea(,7.76/lb),,
5551,"PitayaPlus Raw Organic Smoothie Packs, Pitaya/Dragonfruit","PitayaPlus Raw Organic Smoothie Packs, Pitaya/Dragonfruit",organic,shop,14oz,"		$6.49/ea($7.38/lb)",6.49,ea(,7.38/lb),,
5560,Goya Black Beans,Goya Black Beans,gro_canne,pantry,15.5oz,"		$0.99/ea($1.02/lb)",0.99,ea(,1.02/lb),,
5561,Bumble Bee Solid White Albacore Tuna in Water,Bumble Bee Solid White Albacore Tuna in Water,gro_canne,pantry,5oz,"		$1.79/ea($5.77/lb)",1.79,ea(,5.77/lb),,
5563,Goya Cannellini,Goya Cannellini,gro_canne,pantry,15.5oz,"		$1.29/ea($1.33/lb)",1.29,ea(,1.33/lb),,
5564,Goya Chick Peas,Goya Chick Peas,gro_canne,pantry,15.5oz,"		$0.99/ea($1.02/lb)",0.99,ea(,1.02/lb),,
5565,Cento All Purpose Crushed Tomatoes,Cento All Purpose Crushed Tomatoes,gro_canne,pantry,28oz,"		$2.09/ea($1.19/lb)",2.09,ea(,1.19/lb),,
5566,Contadina Tomato Paste,Contadina Tomato Paste,gro_canne,pantry,6oz,"		$0.89/ea($2.34/lb)",0.89,ea(,2.34/lb),,
5567,Del Monte Fresh Cut Diced Tomatoes,Del Monte Fresh Cut Diced Tomatoes,gro_canne,pantry,14.5oz,"		$1.59/ea($1.75/lb)",1.59,ea(,1.75/lb),,
5568,Earth's Best Organic Apple Sauce Cups,Earth's Best Organic Apple Sauce Cups,gro_canne,pantry,6pk (4oz cups),"		$3.49/ea($2.33/lb)",3.49,ea(,2.33/lb),,
5569,Goya Low Sodium Black Beans,Goya Low Sodium Black Beans,gro_canne,pantry,15.5oz,"		$0.99/ea($1.02/lb)",0.99,ea(,1.02/lb),,
5570,Goya Low Sodium Chick Peas,Goya Low Sodium Chick Peas,gro_canne,pantry,15.5oz,"		$0.99/ea($1.02/lb)",0.99,ea(,1.02/lb),,
5571,Goya Red Kidney Beans,Goya Red Kidney Beans,gro_canne,pantry,15.5oz,"		$0.99/ea($1.02/lb)",0.99,ea(,1.02/lb),,
5572,Imagine Organic Chicken Broth,Imagine Organic Chicken Broth,gro_canne,pantry,32 fl. oz. (946mL),"		$3.69/ea($1.84/lb)",3.69,ea(,1.84/lb),,
5573,Imagine Organic Low Sodium Chicken Broth,Imagine Organic Low Sodium Chicken Broth,gro_canne,pantry,32 fl. oz (946 mL),"		$3.69/ea($1.84/lb)",3.69,ea(,1.84/lb),,
5575,Bumble Bee Chunk Light Tuna in Water,Bumble Bee Chunk Light Tuna in Water,gro_canne,pantry,5oz,"		$1.59/ea($5.13/lb)",1.59,ea(,5.13/lb),,
5576,Bumble Bee Solid White Albacore Tuna in Water,Bumble Bee Solid White Albacore Tuna in Water,gro_canne,pantry,3oz cans 3pk,"		$4.39/ea($7.84/lb)",4.39,ea(,7.84/lb),,
5577,College Inn 99% Fat Free Chicken Broth,College Inn 99% Fat Free Chicken Broth,gro_canne,pantry,32oz carton,"		$2.99/ea($1.50/lb)",2.99,ea(,1.50/lb),,
5578,College Inn Fat Free & Lower Sodium Chicken Broth,College Inn Fat Free & Lower Sodium Chicken Broth,gro_canne,pantry,14.5oz,"		$1.29/ea($1.42/lb)",1.29,ea(,1.42/lb),,
5579,Del Monte Fresh Cut Whole Kernel Corn,Del Monte Fresh Cut Whole Kernel Corn,gro_canne,pantry,15.25oz,"		$1.59/ea($1.67/lb)",1.59,ea(,1.67/lb),,
5580,Dole Fruit Bowls Diced Peaches in 100% Fruit Juice,Dole Fruit Bowls Diced Peaches in 100% Fruit Juice,gro_canne,pantry,4pk (16oz),"		$2.69/ea($2.69/lb)",2.69,ea(,2.69/lb),,
5582,Goya Low Sodium Red Kidney Beans,Goya Low Sodium Red Kidney Beans,gro_canne,pantry,15.5oz,"		$0.99/ea($1.02/lb)",0.99,ea(,1.02/lb),,
5583,Hunt's Tomato Paste,Hunt's Tomato Paste,gro_canne,pantry,6oz,"		$0.89/ea($2.34/lb)",0.89,ea(,2.34/lb),,
5584,Hunt's Tomato Sauce,Hunt's Tomato Sauce,gro_canne,pantry,15oz,"		$1.49/ea($1.59/lb)",1.49,ea(,1.59/lb),,
5585,Imagine Organic Vegetable Broth,Imagine Organic Vegetable Broth,gro_canne,pantry,32 fl. oz. (946mL),"		$3.69/ea($1.84/lb)",3.69,ea(,1.84/lb),,
5586,Libby's 100% Pure Pumpkin,Libby's 100% Pure Pumpkin,gro_canne,pantry,15oz,"		$2.19/ea($2.33/lb)",2.19,ea(,2.33/lb),,
5588,Maggi Chicken Bouillon Cubes,Maggi Chicken Bouillon Cubes,gro_canne,pantry,2.54oz,"		$0.89/ea($5.56/lb)",0.89,ea(,5.56/lb),,
5589,Mott's Natural Style Unsweetened Apple Sauce,Mott's Natural Style Unsweetened Apple Sauce,gro_canne,pantry,"6pk, 4oz ea","		$2.79/ea($1.86/lb)",2.79,ea(,1.86/lb),,
5590,Muir Glen Organic Diced Tomatoes,Muir Glen Organic Diced Tomatoes,gro_canne,pantry,28oz,"		$2.79/ea($1.59/lb)",2.79,ea(,1.59/lb),,
5591,Muir Glen Organic Fire Roasted Diced Tomatoes with Medium Green Chilies,Muir Glen Organic Fire Roasted Diced Tomatoes with Medium Green Chilies,gro_canne,pantry,14.5oz,"		$1.99/ea($2.19/lb)",1.99,ea(,2.19/lb),,
5592,"Mutti Tomato Paste, Double Concentrated","Mutti Tomato Paste, Double Concentrated",gro_canne,pantry,4.5oz,"		$2.69/ea($9.61/lb)",2.69,ea(,9.61/lb),,
5593,Pacific Organic Free-Range Low-Sodium Chicken Broth,Pacific Organic Free-Range Low-Sodium Chicken Broth,gro_canne,pantry,32oz,"		$4.39/ea($2.20/lb)",4.39,ea(,2.20/lb),,
5594,"Pacific Organic Free-Range Low-Sodium Chicken Broth, 4-Pack","Pacific Organic Free-Range Low-Sodium Chicken Broth, 4-Pack",gro_canne,pantry,"4ct, 8oz ea","		$4.69/ea($2.34/lb)",4.69,ea(,2.34/lb),,
5595,"Roland Artichoke Hearts, Quartered","Roland Artichoke Hearts, Quartered",gro_canne,pantry,13.75oz,"		$2.79/ea($3.24/lb)",2.79,ea(,3.24/lb),,
5598,San Marzano Diced Tomatoes,San Marzano Diced Tomatoes,gro_canne,pantry,28oz,"		$3.19/ea($1.82/lb)",3.19,ea(,1.82/lb),,
5599,San Marzano Whole Peeled Tomatoes,San Marzano Whole Peeled Tomatoes,gro_canne,pantry,28oz,"		$3.19/ea($1.82/lb)",3.19,ea(,1.82/lb),,
5600,Swanson Natural Goodness Chicken Broth,Swanson Natural Goodness Chicken Broth,gro_canne,pantry,32oz,"		$2.99/ea($1.50/lb)",2.99,ea(,1.50/lb),,
5603,Wild Harvest Organic Black Beans,Wild Harvest Organic Black Beans,gro_canne,pantry,15oz,"		$1.79/ea($1.90/lb)",1.79,ea(,1.90/lb),,
5604,Wild Harvest Organic Garbanzo Beans,Wild Harvest Organic Garbanzo Beans,gro_canne,pantry,15oz,"		$1.79/ea($1.90/lb)",1.79,ea(,1.90/lb),,
5607,Amy's Organic Lentil Soup,Amy's Organic Lentil Soup,gro_canne,pantry,14.5oz,"		$2.79/ea($3.07/lb)",2.79,ea(,3.07/lb),,
5608,Amy's Organic Lentil Vegetable Soup (Light in Sodium),Amy's Organic Lentil Vegetable Soup (Light in Sodium),gro_canne,pantry,14.5oz,"		$2.79/ea($3.07/lb)",2.79,ea(,3.07/lb),,
5609,"Amy's Organic Vegetarian Refried Beans, Traditional","Amy's Organic Vegetarian Refried Beans, Traditional",gro_canne,pantry,15.4oz,"		$2.79/ea($2.91/lb)",2.79,ea(,2.91/lb),,
5610,Amy's Organic Vegetarian Refried Black Beans,Amy's Organic Vegetarian Refried Black Beans,gro_canne,pantry,15.4oz,"		$2.79/ea($2.91/lb)",2.79,ea(,2.91/lb),,
5611,Bumble Bee Chunk White Albacore Tuna in Water,Bumble Bee Chunk White Albacore Tuna in Water,gro_canne,pantry,5oz,"		$1.79/ea($5.77/lb)",1.79,ea(,5.77/lb),,
5612,Bush's Best Original Baked Beans w/ Bacon & Brown Sugar,Bush's Best Original Baked Beans w/ Bacon & Brown Sugar,gro_canne,pantry,16oz,"		$1.79/ea($1.79/lb)",1.79,ea(,1.79/lb),,
5613,Bush's Best Vegetarian Baked Beans w/ Brown Sugar & Spices,Bush's Best Vegetarian Baked Beans w/ Brown Sugar & Spices,gro_canne,pantry,16oz,"		$1.79/ea($1.79/lb)",1.79,ea(,1.79/lb),,
5614,Campbell's Chicken Noodle Condensed Soup,Campbell's Chicken Noodle Condensed Soup,gro_canne,pantry,10.75oz,"		$1.59/ea($2.37/lb)",1.59,ea(,2.37/lb),,
5615,Campbell's Cream of Chicken Condensed Soup,Campbell's Cream of Chicken Condensed Soup,gro_canne,pantry,10.75oz,"		$1.59/ea($2.37/lb)",1.59,ea(,2.37/lb),,
5616,Campbell's Cream of Mushroom Condensed Soup,Campbell's Cream of Mushroom Condensed Soup,gro_canne,pantry,10.75oz,"		$1.59/ea($2.37/lb)",1.59,ea(,2.37/lb),,
5617,Campbell's Tomato Condensed Soup,Campbell's Tomato Condensed Soup,gro_canne,pantry,10.75oz,"		$1.59/ea($2.37/lb)",1.59,ea(,2.37/lb),,
5618,Carnation Evaporated Milk with Vitamin D,Carnation Evaporated Milk with Vitamin D,gro_canne,pantry,12oz,"		$1.59/ea($2.12/lb)",1.59,ea(,2.12/lb),,
5619,Carnation Sweetened Condensed Milk,Carnation Sweetened Condensed Milk,gro_canne,pantry,14oz,"		$2.99/ea($3.40/lb)",2.99,ea(,3.40/lb),,
5620,Cento San Marzano Certified Peeled Tomatoes with Basil Leaf,Cento San Marzano Certified Peeled Tomatoes with Basil Leaf,gro_canne,pantry,28oz,"		$4.19/ea($2.39/lb)",4.19,ea(,2.39/lb),,
5621,College Inn Beef Broth,College Inn Beef Broth,gro_canne,pantry,14.5oz,"		$1.29/ea($1.42/lb)",1.29,ea(,1.42/lb),,
5622,College Inn Fat Free & Lower Sodium Beef Broth,College Inn Fat Free & Lower Sodium Beef Broth,gro_canne,pantry,14.5oz,"		$1.29/ea($1.42/lb)",1.29,ea(,1.42/lb),,
5623,College Inn Fat Free & Lower Sodium Chicken Broth,College Inn Fat Free & Lower Sodium Chicken Broth,gro_canne,pantry,32oz,"		$2.69/ea($1.34/lb)",2.69,ea(,1.34/lb),,
5624,Del Monte Fresh No Salt Added Whole Kernel Cut Corn,Del Monte Fresh No Salt Added Whole Kernel Cut Corn,gro_canne,pantry,15.25oz,"		$1.59/ea($1.67/lb)",1.59,ea(,1.67/lb),,
5625,Del Monte Lite Sliced Peaches in Extra Light Syrup,Del Monte Lite Sliced Peaches in Extra Light Syrup,gro_canne,pantry,15oz,"		$1.99/ea($2.12/lb)",1.99,ea(,2.12/lb),,
5626,Del Monte No Salt Added Tomato Sauce,Del Monte No Salt Added Tomato Sauce,gro_canne,pantry,8oz,"		$0.79/ea($1.58/lb)",0.79,ea(,1.58/lb),,
5627,Del Monte Stewed Tomatoes,Del Monte Stewed Tomatoes,gro_canne,pantry,14.5oz,"		$1.59/ea($1.75/lb)",1.59,ea(,1.75/lb),,
5628,Del Monte Summer Crisp Golden Sweet Corn,Del Monte Summer Crisp Golden Sweet Corn,gro_canne,pantry,11oz,"		$1.59/ea($2.30/lb)",1.59,ea(,2.30/lb),,
5629,Dole Pineapple Chunks in Juice,Dole Pineapple Chunks in Juice,gro_canne,pantry,20oz,"		$1.99/ea($1.59/lb)",1.99,ea(,1.59/lb),,
5630,Goya Low Sodium Pinto Beans,Goya Low Sodium Pinto Beans,gro_canne,pantry,15.5oz,"		$0.99/ea($1.02/lb)",0.99,ea(,1.02/lb),,
5631,Heinz Vegetarian Baked Beans in Tomato Sauce,Heinz Vegetarian Baked Beans in Tomato Sauce,gro_canne,pantry,16oz,"		$1.49/ea($1.49/lb)",1.49,ea(,1.49/lb),,
5634,Kitchen Basics Chicken Cooking Stock,Kitchen Basics Chicken Cooking Stock,gro_canne,pantry,32oz,"		$3.49/ea($1.74/lb)",3.49,ea(,1.74/lb),,
5635,Kitchen Basics Natural Vegetable Cooking Stock,Kitchen Basics Natural Vegetable Cooking Stock,gro_canne,pantry,32oz,"		$3.39/ea($1.70/lb)",3.39,ea(,1.70/lb),,
5636,Kitchen Basics Unsalted Chicken Cooking Stock,Kitchen Basics Unsalted Chicken Cooking Stock,gro_canne,pantry,32oz,"		$3.49/ea($1.74/lb)",3.49,ea(,1.74/lb),,
5639,Mott's Apple Sauce,Mott's Apple Sauce,gro_canne,pantry,"6pk, 4oz ea","		$2.79/ea($1.86/lb)",2.79,ea(,1.86/lb),,
5640,"Mott's Natural Apple Sauce, No Sugar Added","Mott's Natural Apple Sauce, No Sugar Added",gro_canne,pantry,46oz,"		$2.99/ea($1.04/lb)",2.99,ea(,1.04/lb),,
5641,Muir Glen Organic Crushed Tomatoes with Basil,Muir Glen Organic Crushed Tomatoes with Basil,gro_canne,pantry,28oz,"		$2.79/ea($1.59/lb)",2.79,ea(,1.59/lb),,
5642,Muir Glen Organic Fire Roasted Crushed Tomatoes,Muir Glen Organic Fire Roasted Crushed Tomatoes,gro_canne,pantry,28oz,"		$2.99/ea($1.71/lb)",2.99,ea(,1.71/lb),,
5643,Muir Glen Organic Fire Roasted Diced Tomatoes,Muir Glen Organic Fire Roasted Diced Tomatoes,gro_canne,pantry,28oz,"		$2.99/ea($1.71/lb)",2.99,ea(,1.71/lb),,
5644,Muir Glen Organic Tomato Paste,Muir Glen Organic Tomato Paste,gro_canne,pantry,6oz,"		$1.39/ea($3.66/lb)",1.39,ea(,3.66/lb),,
5645,Muir Glen Organic Tomato Sauce,Muir Glen Organic Tomato Sauce,gro_canne,pantry,15oz,"		$1.99/ea($2.12/lb)",1.99,ea(,2.12/lb),,
5646,Muir Glen Organic Whole Peeled Tomatoes,Muir Glen Organic Whole Peeled Tomatoes,gro_canne,pantry,28oz,"		$2.79/ea($1.59/lb)",2.79,ea(,1.59/lb),,
5647,Ocean Spray Jellied Cranberry Sauce,Ocean Spray Jellied Cranberry Sauce,gro_canne,pantry,14oz,"		$1.99/ea($2.26/lb)",1.99,ea(,2.26/lb),,
5648,Old El Paso Chopped Green Chiles,Old El Paso Chopped Green Chiles,gro_canne,pantry,4oz,"		$1.69/ea($6.76/lb)",1.69,ea(,6.76/lb),,
5649,"Old El Paso Refried Beans, Traditional","Old El Paso Refried Beans, Traditional",gro_canne,pantry,16oz,"		$1.69/ea($1.69/lb)",1.69,ea(,1.69/lb),,
5650,"Pacific Organic Free-Range Chicken Broth, 4-Pack","Pacific Organic Free-Range Chicken Broth, 4-Pack",gro_canne,pantry,"4ct, 8oz ea","		$4.69/ea($2.34/lb)",4.69,ea(,2.34/lb),,
5651,Pacific Organic Low-Sodium Vegetable Broth,Pacific Organic Low-Sodium Vegetable Broth,gro_canne,pantry,32oz,"		$4.39/ea($2.20/lb)",4.39,ea(,2.20/lb),,
5652,"Pacific Organic Vegetable Broth, 4pk","Pacific Organic Vegetable Broth, 4pk",gro_canne,pantry,8oz ea,"		$4.69/ea",4.69,ea,,,
5653,Progresso Chickarina Soup,Progresso Chickarina Soup,gro_canne,pantry,19oz,"		$2.89/ea($2.43/lb)",2.89,ea(,2.43/lb),,
5654,Progresso Chicken & Homestyle Noodle Soup,Progresso Chicken & Homestyle Noodle Soup,gro_canne,pantry,19oz,"		$2.89/ea($2.43/lb)",2.89,ea(,2.43/lb),,
5656,Roland Cultivated Kosher Hearts of Palm,Roland Cultivated Kosher Hearts of Palm,gro_canne,pantry,14oz,"		$3.49/ea($3.97/lb)",3.49,ea(,3.97/lb),,
5659,"Starkist Albacore White Tuna In Water, Pouch","Starkist Albacore White Tuna In Water, Pouch",gro_canne,pantry,7.06oz,"		$3.69/ea",3.69,ea,,,
5661,Tuttorosso New World Style Crushed Tomatoes with Basil,Tuttorosso New World Style Crushed Tomatoes with Basil,gro_canne,pantry,28oz,"		$1.99/ea($1.14/lb)",1.99,ea(,1.14/lb),,
5665,American Tuna Pole Caught Wild Albacore,American Tuna Pole Caught Wild Albacore,gro_canne,pantry,6oz,"		$5.69/ea($14.97/lb)",5.69,ea(,14.97/lb),,
5666,"American Tuna Pole Caught Wild Albacore, No Salt","American Tuna Pole Caught Wild Albacore, No Salt",gro_canne,pantry,6oz,"		$5.49/ea($14.45/lb)",5.49,ea(,14.45/lb),,
5667,Amy's Indian Dal Curried Lentil Soup,Amy's Indian Dal Curried Lentil Soup,gro_canne,pantry,14.5oz,"		$3.29/ea($3.62/lb)",3.29,ea(,3.62/lb),,
5668,Amy's Organic Chunky Tomato Bisque Soup,Amy's Organic Chunky Tomato Bisque Soup,gro_canne,pantry,14.5oz,"		$3.29/ea($3.62/lb)",3.29,ea(,3.62/lb),,
5669,Amy's Organic Fat-Free Alphabet Soup,Amy's Organic Fat-Free Alphabet Soup,gro_canne,pantry,14.1oz,"		$2.79/ea($3.17/lb)",2.79,ea(,3.17/lb),,
5670,Amy's Organic Fat-Free Chunky Vegetable Soup,Amy's Organic Fat-Free Chunky Vegetable Soup,gro_canne,pantry,14.3oz,"		$3.29/ea($3.70/lb)",3.29,ea(,3.70/lb),,
5671,Amy's Organic Fire-Roasted Southwestern Vegetable Soup,Amy's Organic Fire-Roasted Southwestern Vegetable Soup,gro_canne,pantry,14.3oz,"		$3.29/ea($3.70/lb)",3.29,ea(,3.70/lb),,
5672,Amy's Organic Lentil Soup (Light in Sodium),Amy's Organic Lentil Soup (Light in Sodium),gro_canne,pantry,14.5oz,"		$2.79/ea($3.07/lb)",2.79,ea(,3.07/lb),,
5673,Amy's Organic Lentil Vegetable Soup,Amy's Organic Lentil Vegetable Soup,gro_canne,pantry,14.5oz,"		$2.79/ea($3.07/lb)",2.79,ea(,3.07/lb),,
5674,Amy's Organic Low-Fat Black Bean Medium Chili,Amy's Organic Low-Fat Black Bean Medium Chili,gro_canne,pantry,14.7oz,"		$3.29/ea($3.58/lb)",3.29,ea(,3.58/lb),,
5675,Amy's Organic Low-Fat Black Bean Vegetable Soup,Amy's Organic Low-Fat Black Bean Vegetable Soup,gro_canne,pantry,14.5oz,"		$3.29/ea($3.62/lb)",3.29,ea(,3.62/lb),,
5676,Amy's Organic Low-Fat Butternut Squash Soup (Light in Sodium),Amy's Organic Low-Fat Butternut Squash Soup (Light in Sodium),gro_canne,pantry,14.1oz,"		$2.79/ea($3.17/lb)",2.79,ea(,3.17/lb),,
5677,Amy's Organic Low-Fat Cream of Tomato Soup,Amy's Organic Low-Fat Cream of Tomato Soup,gro_canne,pantry,14.5oz,"		$2.79/ea($3.07/lb)",2.79,ea(,3.07/lb),,
5678,Amy's Organic Low-Fat Cream of Tomato Soup (Light in Sodium),Amy's Organic Low-Fat Cream of Tomato Soup (Light in Sodium),gro_canne,pantry,14.5oz,"		$2.79/ea($3.07/lb)",2.79,ea(,3.07/lb),,
5679,Amy's Organic Low-Fat Minestrone (Light in Sodium),Amy's Organic Low-Fat Minestrone (Light in Sodium),gro_canne,pantry,14.1oz,"		$2.79/ea($3.17/lb)",2.79,ea(,3.17/lb),,
5680,Amy's Organic Low-Fat Split Pea Soup (Light in Sodium),Amy's Organic Low-Fat Split Pea Soup (Light in Sodium),gro_canne,pantry,14.5oz,"		$2.79/ea($3.07/lb)",2.79,ea(,3.07/lb),,
5681,Amy's Organic Low-Fat Vegetable Barley Soup,Amy's Organic Low-Fat Vegetable Barley Soup,gro_canne,pantry,14.1oz,"		$2.79/ea($3.17/lb)",2.79,ea(,3.17/lb),,
5682,Amy's Organic Medium Chili with Vegetables,Amy's Organic Medium Chili with Vegetables,gro_canne,pantry,14.7oz,"		$3.29/ea($3.58/lb)",3.29,ea(,3.58/lb),,
5683,Amy's Organic No Chicken Noodle Soup,Amy's Organic No Chicken Noodle Soup,gro_canne,pantry,14.1oz,"		$2.79/ea($3.17/lb)",2.79,ea(,3.17/lb),,
5684,Amy's Organic Spicy Chili,Amy's Organic Spicy Chili,gro_canne,pantry,14.7oz,"		$3.29/ea($3.58/lb)",3.29,ea(,3.58/lb),,
5685,Amy's Organic Split Pea Soup,Amy's Organic Split Pea Soup,gro_canne,pantry,14.1oz,"		$2.89/ea($3.28/lb)",2.89,ea(,3.28/lb),,
5686,Amy's Organic Vegetarian Baked Beans in Tomato Sauce,Amy's Organic Vegetarian Baked Beans in Tomato Sauce,gro_canne,pantry,15oz,"		$2.79/ea($2.97/lb)",2.79,ea(,2.97/lb),,
5687,Amy's Organic Vegetarian Refried Beans w/ Green Chiles,Amy's Organic Vegetarian Refried Beans w/ Green Chiles,gro_canne,pantry,15.4 oz,"		$2.79/ea($2.91/lb)",2.79,ea(,2.91/lb),,
5688,Annie's Homegrown Organic All Stars Pasta in Tomato Sauce,Annie's Homegrown Organic All Stars Pasta in Tomato Sauce,gro_canne,pantry,15oz,"		$2.69/ea($2.86/lb)",2.69,ea(,2.86/lb),,
5689,Annie's Homegrown Organic Cheesy Ravioli Pasta in Tomato Sauce,Annie's Homegrown Organic Cheesy Ravioli Pasta in Tomato Sauce,gro_canne,pantry,15oz,"		$2.69/ea($2.86/lb)",2.69,ea(,2.86/lb),,
5690,Bearitos Vegetarian Fat Free Refried Black Beans,Bearitos Vegetarian Fat Free Refried Black Beans,gro_canne,pantry,16oz,"		$2.59/ea($2.59/lb)",2.59,ea(,2.59/lb),,
5691,Bearitos Vegetarian Traditional Refried Beans,Bearitos Vegetarian Traditional Refried Beans,gro_canne,pantry,16oz,"		$2.59/ea($2.59/lb)",2.59,ea(,2.59/lb),,
5692,"Bel Aria Italian Plum Tomatoes, Premium Selection","Bel Aria Italian Plum Tomatoes, Premium Selection",gro_canne,pantry,28oz,"		$2.59/ea($1.48/lb)",2.59,ea(,1.48/lb),,
5693,Bonito Palmito Hearts of Palm,Bonito Palmito Hearts of Palm,gro_canne,pantry,14.4oz,"		$3.69/ea($4.10/lb)",3.69,ea(,4.10/lb),,
5694,Borden Eagle Brand Sweetened Condensed Milk,Borden Eagle Brand Sweetened Condensed Milk,gro_canne,pantry,14oz,"		$2.99/ea($3.40/lb)",2.99,ea(,3.40/lb),,
5695,Brunswick Sardines in Olive Oil,Brunswick Sardines in Olive Oil,gro_canne,pantry,3.75oz,"		$1.69/ea($7.35/lb)",1.69,ea(,7.35/lb),,
5696,"Brunswick Sardines in Spring Water, No Salt Added","Brunswick Sardines in Spring Water, No Salt Added",gro_canne,pantry,3.75oz,"		$1.69/ea($7.35/lb)",1.69,ea(,7.35/lb),,
5697,Bumble Bee Chunk Light Tuna in Vegetable Oil,Bumble Bee Chunk Light Tuna in Vegetable Oil,gro_canne,pantry,5oz,"		$1.59/ea($5.13/lb)",1.59,ea(,5.13/lb),,
5698,Bumble Bee Pink Alaska Pink Salmon,Bumble Bee Pink Alaska Pink Salmon,gro_canne,pantry,14.75oz,"		$3.99/ea($4.34/lb)",3.99,ea(,4.34/lb),,
5699,Bumble Bee Prime Fillet Very Low Sodium Solid White Albacore in Water,Bumble Bee Prime Fillet Very Low Sodium Solid White Albacore in Water,gro_canne,pantry,5oz,"		$2.59/ea($8.35/lb)",2.59,ea(,8.35/lb),,
5700,Bumble Bee Solid White Albacore Tuna in Vegetable Oil,Bumble Bee Solid White Albacore Tuna in Vegetable Oil,gro_canne,pantry,5oz,"		$1.79/ea($5.77/lb)",1.79,ea(,5.77/lb),,
5701,Callipo Solid Yellowfin Tuna in Olive Oil,Callipo Solid Yellowfin Tuna in Olive Oil,gro_canne,pantry,7oz,"		$10.99/ea($24.98/lb)",10.99,ea(,24.98/lb),,
5702,Campbell's Chicken & Rice Condensed Soup,Campbell's Chicken & Rice Condensed Soup,gro_canne,pantry,10.5oz,"		$1.79/ea($2.71/lb)",1.79,ea(,2.71/lb),,
5703,Campbell's Chunky Classic Chicken Noodle Soup,Campbell's Chunky Classic Chicken Noodle Soup,gro_canne,pantry,18.6oz,"		$2.99/ea($2.58/lb)",2.99,ea(,2.58/lb),,
5704,Campbell's Chunky New England Clam Chowder,Campbell's Chunky New England Clam Chowder,gro_canne,pantry,18.8oz,"		$2.99/ea($2.53/lb)",2.99,ea(,2.53/lb),,
5705,Campbell's Chunky Sirloin Burger with Country Vegetables Soup,Campbell's Chunky Sirloin Burger with Country Vegetables Soup,gro_canne,pantry,18.8oz,"		$2.99/ea($2.53/lb)",2.99,ea(,2.53/lb),,
5708,Chef Boyardee Mini Ravioli Beef Ravioli in Tomato Sauce,Chef Boyardee Mini Ravioli Beef Ravioli in Tomato Sauce,gro_canne,pantry,15oz,"		$1.39/ea($1.48/lb)",1.39,ea(,1.48/lb),,
5709,Chef Boyardee Regular Spaghetti & Meatballs in Tomato Sauce,Chef Boyardee Regular Spaghetti & Meatballs in Tomato Sauce,gro_canne,pantry,14.75oz,"		$1.39/ea($1.51/lb)",1.39,ea(,1.51/lb),,
5710,"College Inn Chicken Broth, 99% Fat Free","College Inn Chicken Broth, 99% Fat Free",gro_canne,pantry,14.5oz,"		$1.29/ea($1.42/lb)",1.29,ea(,1.42/lb),,
5711,Contadina Tomato Paste,Contadina Tomato Paste,gro_canne,pantry,12oz,"		$1.89/ea($2.52/lb)",1.89,ea(,2.52/lb),,
5712,Del Monte Fresh Cut French Style Green Beans,Del Monte Fresh Cut French Style Green Beans,gro_canne,pantry,14.5oz,"		$1.59/ea($1.75/lb)",1.59,ea(,1.75/lb),,
5713,Del Monte Fresh Cut Green Beans,Del Monte Fresh Cut Green Beans,gro_canne,pantry,14.5oz,"		$1.59/ea($1.75/lb)",1.59,ea(,1.75/lb),,
5714,Del Monte Fresh Cut No Salt Added Green Beans,Del Monte Fresh Cut No Salt Added Green Beans,gro_canne,pantry,14.5oz,"		$1.59/ea($1.75/lb)",1.59,ea(,1.75/lb),,
5715,Del Monte Fresh Cut Sweet Peas,Del Monte Fresh Cut Sweet Peas,gro_canne,pantry,15.25oz,"		$1.59/ea($1.67/lb)",1.59,ea(,1.67/lb),,
5716,Del Monte Sweet Creamed Corn,Del Monte Sweet Creamed Corn,gro_canne,pantry,14.75oz,"		$1.59/ea($1.73/lb)",1.59,ea(,1.73/lb),,
5717,Dole Fruit Bowls Pineapple Tidbits in Pineapple Juice,Dole Fruit Bowls Pineapple Tidbits in Pineapple Juice,gro_canne,pantry,4pk (16oz),"		$2.69/ea($2.69/lb)",2.69,ea(,2.69/lb),,
5718,Dole Fruit Bowls Tropical Fruit,Dole Fruit Bowls Tropical Fruit,gro_canne,pantry,4pk (16oz),"		$2.69/ea($2.69/lb)",2.69,ea(,2.69/lb),,
5719,"Don Pepino All Natural Pizza Sauce, Fully Prepared","Don Pepino All Natural Pizza Sauce, Fully Prepared",gro_canne,pantry,15oz,"		$1.79/ea($1.90/pt)",1.79,ea(,1.90/pt),,
5720,Earth's Best Organic Elmo Noodlemania Soup,Earth's Best Organic Elmo Noodlemania Soup,gro_canne,pantry,14.5oz,"		$2.49/ea($2.74/lb)",2.49,ea(,2.74/lb),,
5721,Essential Everyday Whole Kernel Corn,Essential Everyday Whole Kernel Corn,gro_canne,pantry,15.25oz,"		$0.89/ea($0.94/lb)",0.89,ea(,0.94/lb),,
5726,Goya Black Bean Soup,Goya Black Bean Soup,gro_canne,pantry,15oz,"		$1.59/ea($1.69/lb)",1.59,ea(,1.69/lb),,
5727,Goya Blackeye Peas,Goya Blackeye Peas,gro_canne,pantry,15.5oz,"		$0.99/ea($1.02/lb)",0.99,ea(,1.02/lb),,
5728,Goya Low Sodium Pink Beans,Goya Low Sodium Pink Beans,gro_canne,pantry,15.5oz,"		$0.99/ea($1.02/lb)",0.99,ea(,1.02/lb),,
5729,Goya Pink Beans,Goya Pink Beans,gro_canne,pantry,15.5oz,"		$0.99/ea($1.02/lb)",0.99,ea(,1.02/lb),,
5732,Goya Small Red Beans,Goya Small Red Beans,gro_canne,pantry,15oz,"		$0.99/ea($1.05/lb)",0.99,ea(,1.05/lb),,
5734,Goya White Hominy,Goya White Hominy,gro_canne,pantry,15oz,"		$0.99/ea($1.05/lb)",0.99,ea(,1.05/lb),,
5735,Green Giant Corn,Green Giant Corn,gro_canne,pantry,15.25oz,"		$1.49/ea($1.57/lb)",1.49,ea(,1.57/lb),,
5736,Green Giant Le Sueur Very Young Sweet Peas,Green Giant Le Sueur Very Young Sweet Peas,gro_canne,pantry,15oz,"		$1.99/ea($2.12/lb)",1.99,ea(,2.12/lb),,
5737,Green Giant Niblets Whole Kernel Corn,Green Giant Niblets Whole Kernel Corn,gro_canne,pantry,11oz,"		$1.59/ea($2.30/lb)",1.59,ea(,2.30/lb),,
5739,Hormel Chili with Beans,Hormel Chili with Beans,gro_canne,pantry,15oz,"		$2.19/ea($2.33/lb)",2.19,ea(,2.33/lb),,
5740,King Oscar Brisling Sardines,King Oscar Brisling Sardines,gro_canne,pantry,3.75oz,"		$3.59/ea($15.61/lb)",3.59,ea(,15.61/lb),,
5741,La Bella San Marzano Italian Plum Peeled Tomatoes,La Bella San Marzano Italian Plum Peeled Tomatoes,gro_canne,pantry,28oz,"		$3.99/ea($2.28/lb)",3.99,ea(,2.28/lb),,
5742,La Squisita Crushed Tomatoes,La Squisita Crushed Tomatoes,gro_canne,pantry,28oz,"		$2.19/ea($1.25/lb)",2.19,ea(,1.25/lb),,
5743,Libby's 100% Pure Pumpkin,Libby's 100% Pure Pumpkin,gro_canne,pantry,29oz,"		$3.99/ea($2.20/lb)",3.99,ea(,2.20/lb),,
5745,Maggi Beef Bouillon Cubes,Maggi Beef Bouillon Cubes,gro_canne,pantry,2.3oz,"		$0.89/ea($6.36/lb)",0.89,ea(,6.36/lb),,
5747,Mario Batali Neapolitan Pizza Sauce,Mario Batali Neapolitan Pizza Sauce,gro_canne,pantry,16oz,"		$4.99/ea($4.99/pt)",4.99,ea(,4.99/pt),,
5751,Mott's Cinnamon Apple Sauce,Mott's Cinnamon Apple Sauce,gro_canne,pantry,"6pk, 4oz ea","		$2.79/ea($1.86/lb)",2.79,ea(,1.86/lb),,
5752,Mott's Natural Apple Sauce,Mott's Natural Apple Sauce,gro_canne,pantry,23oz,"		$2.19/ea($1.52/lb)",2.19,ea(,1.52/lb),,
5753,Mott's Original Apple Sauce,Mott's Original Apple Sauce,gro_canne,pantry,48oz,"		$2.99/ea($1.00/lb)",2.99,ea(,1.00/lb),,
5754,Muir Glen Organic Fire Roasted Whole Tomatoes,Muir Glen Organic Fire Roasted Whole Tomatoes,gro_canne,pantry,28oz,"		$2.99/ea($1.71/lb)",2.99,ea(,1.71/lb),,
5755,Muir Glen Organic No Salt Added Tomato Sauce,Muir Glen Organic No Salt Added Tomato Sauce,gro_canne,pantry,15oz,"		$1.99/ea($2.12/lb)",1.99,ea(,2.12/lb),,
5756,Muir Glen Organic Pizza Sauce,Muir Glen Organic Pizza Sauce,gro_canne,pantry,15oz,"		$1.99/ea($2.12/pt)",1.99,ea(,2.12/pt),,
5757,Mutti Polpa Finely Chopped Tomatoes,Mutti Polpa Finely Chopped Tomatoes,gro_canne,pantry,14oz (400g),"		$1.99/ea($2.26/lb)",1.99,ea(,2.26/lb),,
5758,Mutti Tomato Puree Passata,Mutti Tomato Puree Passata,gro_canne,pantry,14oz,"		$2.99/ea($3.40/lb)",2.99,ea(,3.40/lb),,
5759,Ocean Spray Whole Berry Cranberry Sauce,Ocean Spray Whole Berry Cranberry Sauce,gro_canne,pantry,14oz,"		$1.99/ea($2.26/lb)",1.99,ea(,2.26/lb),,
5760,Pacific Organic Cream of Mushroom Condensed Soup,Pacific Organic Cream of Mushroom Condensed Soup,gro_canne,pantry,12oz,"		$3.29/ea($4.39/lb)",3.29,ea(,4.39/lb),,
5761,Pacific Organic Creamy Butternut Squash Soup,Pacific Organic Creamy Butternut Squash Soup,gro_canne,pantry,32oz,"		$4.39/ea($2.20/lb)",4.39,ea(,2.20/lb),,
5762,Pacific Organic Creamy Roasted Red Pepper & Tomato Soup,Pacific Organic Creamy Roasted Red Pepper & Tomato Soup,gro_canne,pantry,32oz,"		$4.39/ea($2.20/lb)",4.39,ea(,2.20/lb),,
5763,Pacific Organic Creamy Tomato Soup,Pacific Organic Creamy Tomato Soup,gro_canne,pantry,32oz,"		$4.39/ea($2.20/lb)",4.39,ea(,2.20/lb),,
5764,Pacific Organic Light-Sodium Creamy Tomato Soup,Pacific Organic Light-Sodium Creamy Tomato Soup,gro_canne,pantry,32oz,"		$4.39/ea($2.20/lb)",4.39,ea(,2.20/lb),,
5765,Pacific Organic Light-Sodium Roasted Red Pepper & Tomato Soup,Pacific Organic Light-Sodium Roasted Red Pepper & Tomato Soup,gro_canne,pantry,32oz,"		$4.39/ea($2.20/lb)",4.39,ea(,2.20/lb),,
5766,Progresso 99% Fat-Free Traditional Chicken Noodle Soup,Progresso 99% Fat-Free Traditional Chicken Noodle Soup,gro_canne,pantry,19oz,"		$2.89/ea($2.43/lb)",2.89,ea(,2.43/lb),,
5767,Progresso Chicken & Wild Rice Soup,Progresso Chicken & Wild Rice Soup,gro_canne,pantry,19oz,"		$2.89/ea($2.43/lb)",2.89,ea(,2.43/lb),,
5768,Progresso Green Split Pea with Bacon Soup,Progresso Green Split Pea with Bacon Soup,gro_canne,pantry,19oz,"		$2.89/ea($2.43/lb)",2.89,ea(,2.43/lb),,
5769,Progresso Homestyle Chicken Soup with Vegetables & Pearl Pasta,Progresso Homestyle Chicken Soup with Vegetables & Pearl Pasta,gro_canne,pantry,19oz,"		$2.89/ea($2.43/lb)",2.89,ea(,2.43/lb),,
5770,Chicken Noodle Soup,Chicken Noodle Soup,gro_canne,pantry,16oz,"		$5.49/ea($5.49/lb)",5.49,ea(,5.49/lb),,
5771,Progresso Lentil Soup,Progresso Lentil Soup,gro_canne,pantry,19oz,"		$2.89/ea($2.43/lb)",2.89,ea(,2.43/lb),,
5772,"Progresso Savory Beef, Barley & Vegetable Soup","Progresso Savory Beef, Barley & Vegetable Soup",gro_canne,pantry,18.6oz,"		$2.89/ea($2.49/lb)",2.89,ea(,2.49/lb),,
5773,Progresso Traditional Italian-Style Wedding (No MSG Added),Progresso Traditional Italian-Style Wedding (No MSG Added),gro_canne,pantry,18.5oz,"		$2.89/ea($2.49/lb)",2.89,ea(,2.49/lb),,
5774,Progresso Traditional New England Clam Chowder,Progresso Traditional New England Clam Chowder,gro_canne,pantry,18.5oz,"		$2.89/ea($2.49/lb)",2.89,ea(,2.49/lb),,
5777,Red Pack Crushed Tomatoes,Red Pack Crushed Tomatoes,gro_canne,pantry,28oz,"		$2.19/ea($1.25/lb)",2.19,ea(,1.25/lb),,
5778,Red Pack Whole Peeled Tomatoes,Red Pack Whole Peeled Tomatoes,gro_canne,pantry,28oz,"		$2.19/ea($1.25/lb)",2.19,ea(,1.25/lb),,
5779,"Roland Anchovy Fillets in Olive Oil, Jar","Roland Anchovy Fillets in Olive Oil, Jar",gro_canne,pantry,4.2oz,"		$3.49/ea($13.42/lb)",3.49,ea(,13.42/lb),,
5780,Roland Clam Juice,Roland Clam Juice,gro_canne,pantry,8oz,"		$2.49/ea($4.98/pt)",2.49,ea(,4.98/pt),,
5781,Roland Flat Fillets of Anchovies in Olive Oil,Roland Flat Fillets of Anchovies in Olive Oil,gro_canne,pantry,2oz,"		$1.79/ea($13.77/lb)",1.79,ea(,13.77/lb),,
5783,Roland Mandarin Orange Segments in Water,Roland Mandarin Orange Segments in Water,gro_canne,pantry,14oz,"		$1.59/ea($1.81/lb)",1.59,ea(,1.81/lb),,
5785,Roland Sun-Dried San Remo Tomatoes in Extra-Virgin Olive Oil,Roland Sun-Dried San Remo Tomatoes in Extra-Virgin Olive Oil,gro_canne,pantry,3oz,"		$3.49/ea($18.37/lb)",3.49,ea(,18.37/lb),,
5788,Roland Whole Baby Corn,Roland Whole Baby Corn,gro_canne,pantry,15oz,"		$1.59/ea($1.69/lb)",1.59,ea(,1.69/lb),,
5789,Santa Cruz Organic Apple Apricot Sauce,Santa Cruz Organic Apple Apricot Sauce,gro_canne,pantry,23oz,"		$3.69/ea($2.56/lb)",3.69,ea(,2.56/lb),,
5790,Santa Cruz Organic Apple Apricot Sauce,Santa Cruz Organic Apple Apricot Sauce,gro_canne,pantry,"6pk, 4oz ea","		$3.79/ea($2.53/lb)",3.79,ea(,2.53/lb),,
5791,Santa Cruz Organic Apple Peach Sauce,Santa Cruz Organic Apple Peach Sauce,gro_canne,pantry,23oz,"		$3.69/ea($2.56/lb)",3.69,ea(,2.56/lb),,
5792,Santa Cruz Organic Apple Sauce,Santa Cruz Organic Apple Sauce,gro_canne,pantry,23oz,"		$3.69/ea($2.56/lb)",3.69,ea(,2.56/lb),,
5793,Santa Cruz Organic Apple Sauce,Santa Cruz Organic Apple Sauce,gro_canne,pantry,"6pk, 4oz ea","		$3.79/ea($2.53/lb)",3.79,ea(,2.53/lb),,
5794,Scalia Anchovy Fillets In Extra Virgin Olive Oil,Scalia Anchovy Fillets In Extra Virgin Olive Oil,gro_canne,pantry,2.8oz,"		$3.29/ea($18.28/lb)",3.29,ea(,18.28/lb),,
5796,Spam Luncheon Meat,Spam Luncheon Meat,gro_canne,pantry,12oz,"		$3.59/ea($4.79/lb)",3.59,ea(,4.79/lb),,
5797,Starkist Solid White Albacore Tuna in Water,Starkist Solid White Albacore Tuna in Water,gro_canne,pantry,5oz,"		$1.99/ea($6.42/lb)",1.99,ea(,6.42/lb),,
5798,The Splendid Spoon Local Beans & Greens Soup,The Splendid Spoon Local Beans & Greens Soup,gro_canne,pantry,16oz,"		$6.49/ea($6.49/lb)",6.49,ea(,6.49/lb),,
5799,The Splendid Spoon Local Curried Corn Chowder Made with Altobelli Family Farm Corn,The Splendid Spoon Local Curried Corn Chowder Made with Altobelli Family Farm Corn,gro_canne,pantry,16oz,"		$6.49/ea($6.49/lb)",6.49,ea(,6.49/lb),,
5800,"The Splendid Spoon Local Lime, Pepper  & Vegan 'Chicken' Soup","The Splendid Spoon Local Lime, Pepper  & Vegan 'Chicken' Soup",gro_canne,pantry,16oz,"		$6.49/ea($6.49/lb)",6.49,ea(,6.49/lb),,
5801,The Splendid Spoon Mushroom Soup with Steel-Cut Oats,The Splendid Spoon Mushroom Soup with Steel-Cut Oats,gro_canne,pantry,16oz,"		$6.49/ea($6.49/lb)",6.49,ea(,6.49/lb),,
5804,Bumble Bee Lump Crabmeat,Bumble Bee Lump Crabmeat,gro_canne,pantry,6oz,"		$5.99/ea($15.76/lb)",5.99,ea(,15.76/lb),,
5805,Carnation Fat Free Evaporated Milk with Vitamins A & D,Carnation Fat Free Evaporated Milk with Vitamins A & D,gro_canne,pantry,12oz,"		$1.59/ea($2.12/lb)",1.59,ea(,2.12/lb),,
5806,Chef Boyardee Beef Ravioli in Tomato & Meat Sauce,Chef Boyardee Beef Ravioli in Tomato & Meat Sauce,gro_canne,pantry,15oz,"		$1.39/ea($1.48/lb)",1.39,ea(,1.48/lb),,
5807,Chef Boyardee Beefaroni Macaroni with Beef in Tomato Sauce,Chef Boyardee Beefaroni Macaroni with Beef in Tomato Sauce,gro_canne,pantry,15oz,"		$1.39/ea($1.48/lb)",1.39,ea(,1.48/lb),,
5808,College Inn Chicken Broth,College Inn Chicken Broth,gro_canne,pantry,48oz,"		$3.99/ea($1.33/lb)",3.99,ea(,1.33/lb),,
5809,Del Monte Fresh Cut No Salt Added Sweet Peas,Del Monte Fresh Cut No Salt Added Sweet Peas,gro_canne,pantry,15oz,"		$1.59/ea($1.69/lb)",1.59,ea(,1.69/lb),,
5810,Del Monte Fruit Cocktail in Heavy Syrup,Del Monte Fruit Cocktail in Heavy Syrup,gro_canne,pantry,30oz,"		$2.69/ea($1.43/lb)",2.69,ea(,1.43/lb),,
5811,Earth's Best Organic Elmo Tomato Soup,Earth's Best Organic Elmo Tomato Soup,gro_canne,pantry,14.5 oz,"		$2.49/ea($2.74/lb)",2.49,ea(,2.74/lb),,
5816,Goya Reduced Sodium Black Bean Soup,Goya Reduced Sodium Black Bean Soup,gro_canne,pantry,15oz,"		$1.59/ea($1.69/lb)",1.59,ea(,1.69/lb),,
5817,Health Valley Organic No Salt Added Lentil  Soup,Health Valley Organic No Salt Added Lentil  Soup,gro_canne,pantry,15oz,"		$2.79/ea($2.97/lb)",2.79,ea(,2.97/lb),,
5818,Health Valley Organic No Salt Added Minestrone Soup,Health Valley Organic No Salt Added Minestrone Soup,gro_canne,pantry,15oz,"		$3.19/ea($3.39/lb)",3.19,ea(,3.39/lb),,
5819,La Squisita Peeled Tomatoes with Basil,La Squisita Peeled Tomatoes with Basil,gro_canne,pantry,35oz,"		$2.79/ea($1.27/lb)",2.79,ea(,1.27/lb),,
5820,La Squisita Peeled Tomatoes with Basil,La Squisita Peeled Tomatoes with Basil,gro_canne,pantry,28oz,"		$2.39/ea($1.37/lb)",2.39,ea(,1.37/lb),,
5821,Libby's Whole Kernel Sweet Corn,Libby's Whole Kernel Sweet Corn,gro_canne,pantry,15oz,"		$1.39/ea($1.48/lb)",1.39,ea(,1.48/lb),,
5828,Mott's Fruitsations Mango Peach Apple Sauce,Mott's Fruitsations Mango Peach Apple Sauce,gro_canne,pantry,"6pk, 4oz ea","		$2.79/ea($1.86/lb)",2.79,ea(,1.86/lb),,
5829,Muir Glen Organic Whole Peeled Tomatoes with Basil,Muir Glen Organic Whole Peeled Tomatoes with Basil,gro_canne,pantry,28oz,"		$2.79/ea($1.59/lb)",2.79,ea(,1.59/lb),,
5830,Mutti Baby Roma Tomatoes,Mutti Baby Roma Tomatoes,gro_canne,pantry,14oz (400g),"		$2.99/ea($3.40/lb)",2.99,ea(,3.40/lb),,
5831,Mutti Cherry Tomatoes,Mutti Cherry Tomatoes,gro_canne,pantry,14.1oz (400g),"		$2.99/ea($3.40/lb)",2.99,ea(,3.40/lb),,
5832,"Mutti Passata di Pomodoro, Al Basilico","Mutti Passata di Pomodoro, Al Basilico",gro_canne,pantry,14oz,"		$3.29/ea($3.74/lb)",3.29,ea(,3.74/lb),,
5833,Mutti Peeled Tomatoes,Mutti Peeled Tomatoes,gro_canne,pantry,28oz (800g),"		$3.99/ea($2.28/lb)",3.99,ea(,2.28/lb),,
5834,Mutti Tomato Puree Passata with Basil,Mutti Tomato Puree Passata with Basil,gro_canne,pantry,24.5oz (700g),"		$3.99/ea($2.61/lb)",3.99,ea(,2.61/lb),,
5835,Pacific All-Natural Roasted Garlic Mushroom Lentil Soup,Pacific All-Natural Roasted Garlic Mushroom Lentil Soup,gro_canne,pantry,17oz,"		$3.79/ea($3.58/lb)",3.79,ea(,3.58/lb),,
5836,Pacific All-Natural Vegetable Lentil & Roasted Red Pepper Soup,Pacific All-Natural Vegetable Lentil & Roasted Red Pepper Soup,gro_canne,pantry,17oz,"		$3.79/ea($3.58/lb)",3.79,ea(,3.58/lb),,
5837,Pacific Organic Cashew Carrot Ginger Soup,Pacific Organic Cashew Carrot Ginger Soup,gro_canne,pantry,32floz,"		$4.39/ea($2.20/lb)",4.39,ea(,2.20/lb),,
5838,Pacific Organic Chicken Noodle Soup,Pacific Organic Chicken Noodle Soup,gro_canne,pantry,17.6oz,"		$3.79/ea($3.45/lb)",3.79,ea(,3.45/lb),,
5839,Pacific Organic Cream of Chicken Condensed Soup,Pacific Organic Cream of Chicken Condensed Soup,gro_canne,pantry,12oz,"		$3.29/ea($4.39/lb)",3.29,ea(,4.39/lb),,
5840,Pacific Organic Light-Sodium Butternut Squash Soup,Pacific Organic Light-Sodium Butternut Squash Soup,gro_canne,pantry,32oz,"		$4.39/ea($2.20/lb)",4.39,ea(,2.20/lb),,
5841,Pacific Organic Spicy Black Bean & Kale Soup,Pacific Organic Spicy Black Bean & Kale Soup,gro_canne,pantry,17oz,"		$3.79/ea($3.58/lb)",3.79,ea(,3.58/lb),,
5842,Princella Canned Yams,Princella Canned Yams,gro_canne,pantry,40oz,"		$2.99/ea($1.20/lb)",2.99,ea(,1.20/lb),,
5843,Progresso Vegetable Classics  French Onion Soup,Progresso Vegetable Classics  French Onion Soup,gro_canne,pantry,19oz,"		$2.89/ea($2.43/lb)",2.89,ea(,2.43/lb),,
5845,Roland Mandarin Orange Segments in Light Syrup,Roland Mandarin Orange Segments in Light Syrup,gro_canne,pantry,15oz,"		$1.59/ea($1.69/lb)",1.59,ea(,1.69/lb),,
5847,Scalia Anchovy Paste,Scalia Anchovy Paste,gro_canne,pantry,2oz,"		$2.99/ea($23.00/lb)",2.99,ea(,23.00/lb),,
5849,Del Monte Peach Halves,Del Monte Peach Halves,gro_canne,pantry,15.25oz,"		$1.99/ea($2.09/lb)",1.99,ea(,2.09/lb),,
5850,Amy's Organic Chunky Tomato Bisque (Light in Sodium),Amy's Organic Chunky Tomato Bisque (Light in Sodium),gro_canne,pantry,14.5oz,"		$0.00/null($0.00/lb)",0,null(,0.00/lb),,
5851,B&M; Original Baked Beans,B&M; Original Baked Beans,gro_canne,pantry,16oz,"		$0.00/null($0.00/lb)",0,null(,0.00/lb),,
5852,Carnation Low-Fat Evaporated Milk with Vitamins A & D,Carnation Low-Fat Evaporated Milk with Vitamins A & D,gro_canne,pantry,12oz,"		$0.00/null($0.00/lb)",0,null(,0.00/lb),,
5853,Dole Pineapple Slices in Juice,Dole Pineapple Slices in Juice,gro_canne,pantry,20oz,"		$0.00/null($0.00/lb)",0,null(,0.00/lb),,
5854,Essential Everyday Cut Green Beans,Essential Everyday Cut Green Beans,gro_canne,pantry,14.5 oz,"		$0.00/null($0.00/lb)",0,null(,0.00/lb),,
5857,Progresso 99% Fat Free Minestrone Soup,Progresso 99% Fat Free Minestrone Soup,gro_canne,pantry,19oz,"		$0.00/null($0.00/lb)",0,null(,0.00/lb),,
5858,Progresso Chicken Noodle Soup,Progresso Chicken Noodle Soup,gro_canne,pantry,19oz,"		$0.00/null($0.00/lb)",0,null(,0.00/lb),,
5859,Progresso Classic Vegetable Soup,Progresso Classic Vegetable Soup,gro_canne,pantry,19oz,"		$0.00/null($0.00/lb)",0,null(,0.00/lb),,
5860,Progresso Manhattan Clam Chowder,Progresso Manhattan Clam Chowder,gro_canne,pantry,19oz,"		$0.00/null($0.00/lb)",0,null(,0.00/lb),,
5861,Progresso Minestrone Soup,Progresso Minestrone Soup,gro_canne,pantry,19oz,"		$0.00/null($0.00/lb)",0,null(,0.00/lb),,
5862,Progresso Traditional Chicken & Rice Soup,Progresso Traditional Chicken & Rice Soup,gro_canne,pantry,19oz,"		$0.00/null($0.00/lb)",0,null(,0.00/lb),,
5863,Progresso Traditional Split Pea w/ Ham,Progresso Traditional Split Pea w/ Ham,gro_canne,pantry,19oz,"		$0.00/null($0.00/lb)",0,null(,0.00/lb),,
5864,Roland Hearts of Palm,Roland Hearts of Palm,gro_canne,pantry,14oz,"		$0.00/null($0.00/lb)",0,null(,0.00/lb),,
5865,Sclafani Whole Peeled Tomatoes,Sclafani Whole Peeled Tomatoes,gro_canne,pantry,28oz,"		$0.00/null($0.00/lb)",0,null(,0.00/lb),,
5867,Tonnino Tuna Fillets in Olive Oil,Tonnino Tuna Fillets in Olive Oil,gro_canne,pantry,6.7oz," 	$0.00/null $8.49Any 2 Tonnino for $13.50($0.00/lb)Mix'n'Match",0,null ,8.49Any 2 Tonnino for 13.50(0.00/lb)Mix'n'Match,13.50(,0.00/lb)Mix'n'Match
5868,B&M; Vegetarian Baked Beans,B&M; Vegetarian Baked Beans,gro_canne,pantry,16oz,"		$0.00/null($0.00/lb)",0,null(,0.00/lb),,
5870,Progresso Traditional Hearty Chicken  & Rotini Soup,Progresso Traditional Hearty Chicken  & Rotini Soup,gro_canne,pantry,19oz,"		$0.00/null($0.00/lb)",0,null(,0.00/lb),,
5871,Progresso Vegetable Classics 99% Fat Free Lentil,Progresso Vegetable Classics 99% Fat Free Lentil,gro_canne,pantry,19oz,"		$0.00/null($0.00/lb)",0,null(,0.00/lb),,
5872,Tonnino Tuna Fillets in Spring Water,Tonnino Tuna Fillets in Spring Water,gro_canne,pantry,6.7oz," 	$0.00/null $8.49Any 2 Tonnino for $13.50($0.00/lb)Mix'n'Match",0,null ,8.49Any 2 Tonnino for 13.50(0.00/lb)Mix'n'Match,13.50(,0.00/lb)Mix'n'Match
5873,Tonnino Tuna Fillets with Capers & Garlic in Olive Oil,Tonnino Tuna Fillets with Capers & Garlic in Olive Oil,gro_canne,pantry,6.7oz," 	$0.00/null $8.49Any 2 Tonnino for $13.50($0.00/lb)Mix'n'Match",0,null ,8.49Any 2 Tonnino for 13.50(0.00/lb)Mix'n'Match,13.50(,0.00/lb)Mix'n'Match
5874,Tonnino Tuna Ventresca in Olive Oil,Tonnino Tuna Ventresca in Olive Oil,gro_canne,pantry,6.7oz," 	$0.00/null $8.49($0.00/lb)",0,null ,8.49(0.00/lb),0.00/lb),
5875,Yellow Corn,Yellow Corn,corn,vegetables,NA," 	$0.69/ea $0.79Save! 5 for $3.00",0.69,ea ,0.79Save! 5 for 3,3,
5877,Husked Corn,Husked Corn,corn,vegetables,4pk,"		$5.99/ea",5.99,ea,,,
5879,"Aloe Very Organic, Green Tea","Aloe Very Organic, Green Tea",gro_bev_new,shop,16oz,"		$2.69/ea($2.69/pt)",2.69,ea(,2.69/pt),,
5880,"Aloe Very Organic, Green Tea, Case","Aloe Very Organic, Green Tea, Case",gro_bev_new,shop,"12ct, 16oz ea","		$28.99/cs($2.42/pt)",28.99,cs(,2.42/pt),,
5881,"Aloe Very Organic, Lemonade","Aloe Very Organic, Lemonade",gro_bev_new,shop,16oz,"		$2.69/ea($2.69/pt)",2.69,ea(,2.69/pt),,
5882,"Aloe Very Organic, Lemonade, Case","Aloe Very Organic, Lemonade, Case",gro_bev_new,shop,"12ct, 16oz ea","		$28.99/cs($2.42/pt)",28.99,cs(,2.42/pt),,
5883,"Aloe Very Organic, Original","Aloe Very Organic, Original",gro_bev_new,shop,16oz,"		$2.69/ea($2.69/pt)",2.69,ea(,2.69/pt),,
5884,Anchor Brewing Summer Beer,Anchor Brewing Summer Beer,gro_bev_new,shop,"6pk, 12oz cans"," 	$8.99/ea $11.99Any 2 6 Pack Varieties for $16.00($2.00/pt)Mix'n'Match",8.99,ea ,11.99Any 2 6 Pack Varieties for 16.00(2.00/pt)Mix'n'Match,16.00(,2.00/pt)Mix'n'Match
5887,"Just FreshDirect Italian Sparkling Mineral Water, Lemon, Case","Just FreshDirect Italian Sparkling Mineral Water, Lemon, Case",gro_bev_new,shop,"12ct, 1L ea"," 	$15.99/ea $17.99Any 2 Just FD Mineral Water for $30.00($0.63/pt)Mix'n'Match",15.99,ea ,17.99Any 2 Just FD Mineral Water for 30.00(0.63/pt)Mix'n'Match,30.00(,0.63/pt)Mix'n'Match
5888,"Just FreshDirect Italian Sparkling Mineral Water, Lime, Case","Just FreshDirect Italian Sparkling Mineral Water, Lime, Case",gro_bev_new,shop,"12ct, 1L ea"," 	$15.99/ea $17.99Any 2 Just FD Mineral Water for $30.00($0.63/pt)Mix'n'Match",15.99,ea ,17.99Any 2 Just FD Mineral Water for 30.00(0.63/pt)Mix'n'Match,30.00(,0.63/pt)Mix'n'Match
5889,"Just FreshDirect Italian Sparkling Mineral Water, Orange, Grapefruit & Lemon Blend, Case","Just FreshDirect Italian Sparkling Mineral Water, Orange, Grapefruit & Lemon Blend, Case",gro_bev_new,shop,"12ct, 1L ea"," 	$15.99/ea $17.99Any 2 Just FD Mineral Water for $30.00($0.63/pt)Mix'n'Match",15.99,ea ,17.99Any 2 Just FD Mineral Water for 30.00(0.63/pt)Mix'n'Match,30.00(,0.63/pt)Mix'n'Match
5890,"Victory Variety of Victorys, Summer Selections","Victory Variety of Victorys, Summer Selections",gro_bev_new,shop,"12pk, 12oz ea"," 	$17.99/ea $21.99Save 18%($2.00/pt)",17.99,ea ,21.99Save 18%(2.00/pt),2.00/pt),
5891,"Aloe Very Organic, Original, Case","Aloe Very Organic, Original, Case",gro_bev_new,shop,"12ct, 16oz ea","		$28.99/cs($2.42/pt)",28.99,cs(,2.42/pt),,
5892,Caleb's Kola,Caleb's Kola,gro_bev_new,shop,10floz,"		$1.89/ea($3.02/pt)",1.89,ea(,3.02/pt),,
5893,"Caleb's Kola, Case","Caleb's Kola, Case",gro_bev_new,shop,"12ct, 10floz ea","		$18.99/cs($2.53/pt)",18.99,cs(,2.53/pt),,
5914,Stouffer's Macaroni & Cheese,Stouffer's Macaroni & Cheese,fro_pasta,frozen,12oz,"		$3.99/ea($5.32/lb)",3.99,ea(,5.32/lb),,
5917,"Applegate Farms Chicken & Maple Breakfast Sausage,  No Antibiotics Used (Fully Cooked)","Applegate Farms Chicken & Maple Breakfast Sausage,  No Antibiotics Used (Fully Cooked)",frozen_meat,frozen,7oz,"		$5.69/ea",5.69,ea,,,
5920,"Applegate Farms Chicken Nuggets, No Antibiotics Used (Fully Cooked)","Applegate Farms Chicken Nuggets, No Antibiotics Used (Fully Cooked)",frozen_meat,frozen,16oz,"		$10.99/ea($10.99/lb)",10.99,ea(,10.99/lb),,
5921,"Applegate Farms Chicken & Apple Breakfast Sausage, No Antibiotics Used (Fully Cooked)","Applegate Farms Chicken & Apple Breakfast Sausage, No Antibiotics Used (Fully Cooked)",frozen_meat,frozen,7oz,"		$5.69/ea",5.69,ea,,,
5922,"Applegate Farms Chicken & Sage Breakfast Sausage,  No Antibiotics Used (Fully Cooked)","Applegate Farms Chicken & Sage Breakfast Sausage,  No Antibiotics Used (Fully Cooked)",frozen_meat,frozen,7oz,"		$5.69/ea",5.69,ea,,,
5923,"Applegate Farms Gluten-Free Chicken Breast Tenders, No Antibiotics Used (Fully Cooked)","Applegate Farms Gluten-Free Chicken Breast Tenders, No Antibiotics Used (Fully Cooked)",frozen_meat,frozen,8oz,"		$6.89/ea($13.78/lb)",6.89,ea(,13.78/lb),,
5932,Banquet Brown 'N Serve Maple Sausage,Banquet Brown 'N Serve Maple Sausage,frozen_meat,frozen,10pc (6.4oz),"		$2.39/ea($5.98/lb)",2.39,ea(,5.98/lb),,
5934,Perdue Frozen Ready to Cook Individually Wrapped Boneless Skinless Chicken Breast,Perdue Frozen Ready to Cook Individually Wrapped Boneless Skinless Chicken Breast,frozen_meat,frozen,32oz,"		$9.99/ea",9.99,ea,,,
5942,Harvestland Frozen All-Natural Boneless Skinless Chicken Breasts,Harvestland Frozen All-Natural Boneless Skinless Chicken Breasts,frozen_meat,frozen,36oz (5-7 packs),"		$12.79/ea($5.68/lb)",12.79,ea(,5.68/lb),,
5950,Applegate Organics Turkey Burger,Applegate Organics Turkey Burger,frozen_meat,frozen,16oz,"		$0.00/null($0.00/lb)",0,null(,0.00/lb),,
5951,"Greenhouse Cucumber, Medium","Greenhouse Cucumber, Medium",veg_top_rated,shop,(about 12oz ea),"		$2.29/eaSave! 2 for $4.00",2.29,eaSave! 2 for ,4,,
5959,Red Greenhouse Bell Pepper,Red Greenhouse Bell Pepper,veg_top_rated,shop,NA,"		$3.99/lb",3.99,lb,,,
5967,Deer Run Farms Romaine Lettuce,Deer Run Farms Romaine Lettuce,veg_top_rated,shop,bunch,"		$1.99/ea",1.99,ea,,,
5969,Deer Run Farms Boston Lettuce,Deer Run Farms Boston Lettuce,veg_top_rated,shop,bunch," 	$1.49/ea $1.99Save! 2 for $2.50",1.49,ea ,1.99Save! 2 for 2.5,2.5,
5970,Graffiti Eggplant,Graffiti Eggplant,veg_top_rated,shop,NA," 	$1.99/lb $2.99Save 32%",1.99,lb ,2.99Save 32%,,
5972,Ocean Mist Farms Jumbo Heirloom Artichoke,Ocean Mist Farms Jumbo Heirloom Artichoke,veg_top_rated,shop,NA,"		$4.99/eaSave! 2 for $4.00",4.99,eaSave! 2 for ,4,,
5982,Cantal,Cantal,che_frm,cheese,NA,"		$13.99/lb",13.99,lb,,,
5986,Mahon Cheese,Mahon Cheese,che_frm,cheese,NA,"		$12.99/lb",12.99,lb,,,
5991,The Amazing Real Live Food Co. Probiotic Queso Blanco,The Amazing Real Live Food Co. Probiotic Queso Blanco,che_frm,cheese,7.5oz,"		$9.99/ea",9.99,ea,,,
5993,Aged Provolone,Aged Provolone,che_frm,cheese,NA,"		$13.99/lb",13.99,lb,,,
5997,Ibores,Ibores,che_frm,cheese,NA,"		$16.99/lb",16.99,lb,,,
5999,Mitica Campo de Montalban,Mitica Campo de Montalban,che_frm,cheese,NA,"		$13.99/lb",13.99,lb,,,
6002,Tomme de Savoie,Tomme de Savoie,che_frm,cheese,NA,"		$16.99/lb",16.99,lb,,,
6003,Ubriaco,Ubriaco,che_frm,cheese,NA,"		$16.99/lb",16.99,lb,,,
6019,Ore-Ida Golden Crinkle Cut French Fries,Ore-Ida Golden Crinkle Cut French Fries,fro_potat,frozen,32oz,"		$4.29/ea($2.14/lb)",4.29,ea(,2.14/lb),,
6020,Ore-Ida Shoestring French Fries,Ore-Ida Shoestring French Fries,fro_potat,frozen,28oz,"		$4.29/ea($2.45/lb)",4.29,ea(,2.45/lb),,
6021,Ore-Ida Tater Tots,Ore-Ida Tater Tots,fro_potat,frozen,32oz,"		$4.29/ea($2.14/lb)",4.29,ea(,2.14/lb),,
6022,Alexia Crispy Bite Size Sweet Potato Puffs,Alexia Crispy Bite Size Sweet Potato Puffs,fro_potat,frozen,20oz,"		$4.59/ea($3.67/lb)",4.59,ea(,3.67/lb),,
6023,"Alexia Crispy Seasoned Potato Puffs, Roasted Garlic & Cracked Black Pepper","Alexia Crispy Seasoned Potato Puffs, Roasted Garlic & Cracked Black Pepper",fro_potat,frozen,19oz,"		$3.59/ea($3.02/lb)",3.59,ea(,3.02/lb),,
6024,Fresh Ground Veal,Fresh Ground Veal,mt_v,meat,NA,"		$7.99/lb",7.99,lb,,,
6025,Calf's Liver,Calf's Liver,mt_v,meat,NA,"		$7.99/lb",7.99,lb,,,
6027,Veal Loin Chop,Veal Loin Chop,mt_v,meat,NA,"		$15.99/lb",15.99,lb,,,
6028,Veal Scaloppini,Veal Scaloppini,mt_v,meat,NA,"		$24.99/lb",24.99,lb,,,
6029,Veal Stew Meat,Veal Stew Meat,mt_v,meat,NA,"		$9.99/lb",9.99,lb,,,
6030,Boneless Veal Loin Chop,Boneless Veal Loin Chop,mt_v,meat,NA,"		$29.99/lb",29.99,lb,,,
6031,Double Veal Rib Chop,Double Veal Rib Chop,mt_v,meat,NA,"		$25.99/lb",25.99,lb,,,
6032,Osso Buco,Osso Buco,mt_v,meat,(2 pieces per pack),"		$15.99/lb",15.99,lb,,,
6033,Veal Rib Chop,Veal Rib Chop,mt_v,meat,NA,"		$25.99/lb",25.99,lb,,,
6034,Veal Crown Roast,Veal Crown Roast,mt_v,meat,NA,"		$0.00/null",0,null,,,
6035,"Clif Kid Organic ZBar, Chocolate Brownie","Clif Kid Organic ZBar, Chocolate Brownie",hba_diet_nutrition,hba,"6ct, 1.27oz ea","		$3.99/ea($8.31/lb)",3.99,ea(,8.31/lb),,
6036,"Clif Kid Organic ZBar, Chocolate Chip","Clif Kid Organic ZBar, Chocolate Chip",hba_diet_nutrition,hba,"6ct, 1.27oz ea","		$3.99/ea($8.31/lb)",3.99,ea(,8.31/lb),,
6037,General Mills Fiber One Chewy Bars Oats & Chocolate with 35% Fiber,General Mills Fiber One Chewy Bars Oats & Chocolate with 35% Fiber,hba_diet_nutrition,hba,5 bars (1.4oz each),"		$3.79/ea($8.61/lb)",3.79,ea(,8.61/lb),,
6038,Clif Builder's Chocolate Peanut Butter Protein Bar,Clif Builder's Chocolate Peanut Butter Protein Bar,hba_diet_nutrition,hba,6ct,"		$9.89/ea($10.99/lb)",9.89,ea(,10.99/lb),,
6039,Clif Chocolate Chip Bar,Clif Chocolate Chip Bar,hba_diet_nutrition,hba,"6ct, 2.4oz ea","		$7.99/ea($8.88/lb)",7.99,ea(,8.88/lb),,
6040,Clif Crunchy Peanut Butter Bar,Clif Crunchy Peanut Butter Bar,hba_diet_nutrition,hba,"6ct, 2.4oz ea","		$7.99/ea($8.88/lb)",7.99,ea(,8.88/lb),,
6041,"Clif Kid Organic ZBar, Iced Oatmeal Cookie","Clif Kid Organic ZBar, Iced Oatmeal Cookie",hba_diet_nutrition,hba,6ct,"		$3.99/ea($10.50/lb)",3.99,ea(,10.50/lb),,
6042,General Mills Fiber One 90 Calorie Chocolate Fudge Brownies,General Mills Fiber One 90 Calorie Chocolate Fudge Brownies,hba_diet_nutrition,hba,6ct (0.89oz ea),"		$4.49/ea($13.61/lb)",4.49,ea(,13.61/lb),,
6044,"Luna Protein Bars, Chocolate Peanut Butter (Gluten Free)","Luna Protein Bars, Chocolate Peanut Butter (Gluten Free)",hba_diet_nutrition,hba,"6ct, 1.6oz ea","		$7.99/ea($13.32/lb)",7.99,ea(,13.32/lb),,
6045,"Luna Protein Bars, Cookie Dough (Gluten Free)","Luna Protein Bars, Cookie Dough (Gluten Free)",hba_diet_nutrition,hba,"6ct, 1.6oz ea","		$7.99/ea($13.32/lb)",7.99,ea(,13.32/lb),,
6046,Lärabar 12 Mini Bars,Lärabar 12 Mini Bars,hba_diet_nutrition,hba,"12pk, 0.78oz ea","		$10.99/ea($18.63/lb)",10.99,ea(,18.63/lb),,
6047,Clif Blueberry Crisp Bar,Clif Blueberry Crisp Bar,hba_diet_nutrition,hba,"6ct, 2.4oz ea","		$7.99/ea($8.88/lb)",7.99,ea(,8.88/lb),,
6048,Clif Builder's Chocolate Mint Bar,Clif Builder's Chocolate Mint Bar,hba_diet_nutrition,hba,"6ct, 2.4oz ea","		$9.89/ea($10.99/lb)",9.89,ea(,10.99/lb),,
6049,Clif Builder's Chocolate Protein Bar,Clif Builder's Chocolate Protein Bar,hba_diet_nutrition,hba,6ct,"		$9.89/ea($10.99/lb)",9.89,ea(,10.99/lb),,
6050,Clif Chocolate Brownie Bar,Clif Chocolate Brownie Bar,hba_diet_nutrition,hba,"6ct, 2.4oz ea","		$7.99/ea($8.88/lb)",7.99,ea(,8.88/lb),,
6051,Clif Chocolate Chip Peanut Crunch Bar,Clif Chocolate Chip Peanut Crunch Bar,hba_diet_nutrition,hba,"6ct, 2.4oz ea","		$7.99/ea($8.88/lb)",7.99,ea(,8.88/lb),,
6052,Clif Cool Mint Chocolate Bar,Clif Cool Mint Chocolate Bar,hba_diet_nutrition,hba,"6ct, 2.4oz ea","		$7.99/ea($8.88/lb)",7.99,ea(,8.88/lb),,
6053,"Clif Kid Organic ZBar, Honey Graham","Clif Kid Organic ZBar, Honey Graham",hba_diet_nutrition,hba,"6ct, 1.27oz ea","		$3.99/ea($8.31/lb)",3.99,ea(,8.31/lb),,
6054,Clif Raisin Oatmeal Walnut Bar,Clif Raisin Oatmeal Walnut Bar,hba_diet_nutrition,hba,"6ct, 2.4oz ea","		$7.99/ea($8.88/lb)",7.99,ea(,8.88/lb),,
6055,Clif White Chocolate Macadamia Nut Bar,Clif White Chocolate Macadamia Nut Bar,hba_diet_nutrition,hba,"6ct, 2.4oz ea","		$7.99/ea($8.88/lb)",7.99,ea(,8.88/lb),,
6056,General Mills Fiber One 90 Calorie Chocolate Peanut Butter Brownies,General Mills Fiber One 90 Calorie Chocolate Peanut Butter Brownies,hba_diet_nutrition,hba,6ct (0.89oz ea),"		$4.79/ea($14.52/lb)",4.79,ea(,14.52/lb),,
6057,"General Mills Fiber One Chewy Bars, Oats & Caramel","General Mills Fiber One Chewy Bars, Oats & Caramel",hba_diet_nutrition,hba,"5 bars, 1.4oz ea","		$3.79/ea($8.61/lb)",3.79,ea(,8.61/lb),,
6058,"General Mills Fiber One Chewy Bars, Oats & Peanut Butter","General Mills Fiber One Chewy Bars, Oats & Peanut Butter",hba_diet_nutrition,hba,"5ct, 1.4oz ea","		$3.79/ea($8.61/lb)",3.79,ea(,8.61/lb),,
6059,"Health Warrior Chia Bars, Açai Berry","Health Warrior Chia Bars, Açai Berry",hba_diet_nutrition,hba,"15ct, 15.2oz","		$22.99/ea($24.20/lb)",22.99,ea(,24.20/lb),,
6060,"Health Warrior Chia Bars, Chocolate Peanut Butter","Health Warrior Chia Bars, Chocolate Peanut Butter",hba_diet_nutrition,hba,"15ct, 15.2oz","		$22.99/ea($24.20/lb)",22.99,ea(,24.20/lb),,
6061,"Health Warrior Chia Bars, Coconut","Health Warrior Chia Bars, Coconut",hba_diet_nutrition,hba,"15ct, 15.2oz","		$22.99/ea($24.20/lb)",22.99,ea(,24.20/lb),,
6065,Luna Chocolate Dipped Coconut Bars,Luna Chocolate Dipped Coconut Bars,hba_diet_nutrition,hba,"6ct, 1.69oz ea","		$7.99/ea($12.68/lb)",7.99,ea(,12.68/lb),,
6066,Luna Chocolate Peppermint Stick Bars,Luna Chocolate Peppermint Stick Bars,hba_diet_nutrition,hba,"6ct, 1.69oz ea","		$7.99/ea($12.68/lb)",7.99,ea(,12.68/lb),,
6067,Luna Lemon Zest Bars,Luna Lemon Zest Bars,hba_diet_nutrition,hba,"6ct, 1.69oz ea","		$7.99/ea($12.68/lb)",7.99,ea(,12.68/lb),,
6068,Luna Nutz Over Chocolate Bar,Luna Nutz Over Chocolate Bar,hba_diet_nutrition,hba,"6ct, 1.69oz ea","		$7.99/ea($12.68/lb)",7.99,ea(,12.68/lb),,
6069,Luna Peanut Honey Pretzel Bar,Luna Peanut Honey Pretzel Bar,hba_diet_nutrition,hba,6ct,"		$7.99/ea($1.33/ct)",7.99,ea(,1.33/ct),,
6070,Luna S'Mores Bars,Luna S'Mores Bars,hba_diet_nutrition,hba,"6ct, 1.69oz ea","		$7.99/ea($12.68/lb)",7.99,ea(,12.68/lb),,
6071,"Lärabar Fruit & Nut Food Bar, Blueberry Muffin","Lärabar Fruit & Nut Food Bar, Blueberry Muffin",hba_diet_nutrition,hba,"5ct, 1.6oz ea","		$6.79/ea($13.58/lb)",6.79,ea(,13.58/lb),,
6072,"Lärabar Fruit & Nut Food Bars, Apple Pie","Lärabar Fruit & Nut Food Bars, Apple Pie",hba_diet_nutrition,hba,"5ct, 1.6oz ea","		$6.79/ea($13.58/lb)",6.79,ea(,13.58/lb),,
6073,"Lärabar Fruit & Nut Food Bars, Chocolate Chip Cookie Dough","Lärabar Fruit & Nut Food Bars, Chocolate Chip Cookie Dough",hba_diet_nutrition,hba,"5ct, 1.6oz ea","		$6.79/ea($13.58/lb)",6.79,ea(,13.58/lb),,
6074,"Lärabar Fruit & Nut Food Bars, Peanut Butter Chocolate Chip","Lärabar Fruit & Nut Food Bars, Peanut Butter Chocolate Chip",hba_diet_nutrition,hba,"5ct, 1.7oz ea","		$6.79/ea($13.58/lb)",6.79,ea(,13.58/lb),,
6075,"Lärabar Fruit & Nut Food Bars, Peanut Butter Cookie","Lärabar Fruit & Nut Food Bars, Peanut Butter Cookie",hba_diet_nutrition,hba,"5ct, 1.6oz ea","		$6.79/ea($12.81/lb)",6.79,ea(,12.81/lb),,
6076,"Lärabar Uber Crunchy Nut Bar, Mixed Roasted Nut","Lärabar Uber Crunchy Nut Bar, Mixed Roasted Nut",hba_diet_nutrition,hba,"5ct, 1.42oz","		$6.79/ea($15.43/lb)",6.79,ea(,15.43/lb),,
6078,"Exo All-Natural Protein Bar Made with Cricket Flour, Peanut Butter & Jelly","Exo All-Natural Protein Bar Made with Cricket Flour, Peanut Butter & Jelly",hba_diet_nutrition,hba,"12pk, 25.4oz","		$34.99/ea($22.01/lb)",34.99,ea(,22.01/lb),,
6079,"Health Warrior Chia Bars, Banana Nut","Health Warrior Chia Bars, Banana Nut",hba_diet_nutrition,hba,"15ct, 15.2oz","		$22.99/ea($24.20/lb)",22.99,ea(,24.20/lb),,
6080,"Kellogg's Special K Cereal Bars, Chocolatey Pretzel","Kellogg's Special K Cereal Bars, Chocolatey Pretzel",hba_diet_nutrition,hba,6ct,"		$3.29/ea($11.44/lb)",3.29,ea(,11.44/lb),,
6081,Luna Blueberry Bliss Bars,Luna Blueberry Bliss Bars,hba_diet_nutrition,hba,"6ct, 1.69oz ea","		$7.99/ea($12.68/lb)",7.99,ea(,12.68/lb),,
6082,"Lärabar Uber Crunchy Nut Bar, Cherry Cobbler","Lärabar Uber Crunchy Nut Bar, Cherry Cobbler",hba_diet_nutrition,hba,"5ct, 1.42oz","		$6.79/ea($15.43/lb)",6.79,ea(,15.43/lb),,
6083,"NuGo Chocolate Banana Bars, Tray","NuGo Chocolate Banana Bars, Tray",hba_diet_nutrition,hba,15ct (1.76oz bar),"		$17.99/ea($10.90/lb)",17.99,ea(,10.90/lb),,
6084,"NuGo Dark Bars, Chocolate Pretzel","NuGo Dark Bars, Chocolate Pretzel",hba_diet_nutrition,hba,12ct (1.76 oz bars),"		$17.99/ea($13.63/lb)",17.99,ea(,13.63/lb),,
6085,NuGo Dark Mint Chocolate Chip Bars,NuGo Dark Mint Chocolate Chip Bars,hba_diet_nutrition,hba,12ct (1.76 oz bars),"		$17.99/ea($13.63/lb)",17.99,ea(,13.63/lb),,
6086,"NuGo Free Bars, Dark Chocolate Trail Mix","NuGo Free Bars, Dark Chocolate Trail Mix",hba_diet_nutrition,hba,12ct (1.59 oz bars),"		$17.99/ea($15.12/lb)",17.99,ea(,15.12/lb),,
6087,"NuGo Free Gluten Free Bars, Dark Chocolate Crunch","NuGo Free Gluten Free Bars, Dark Chocolate Crunch",hba_diet_nutrition,hba,12pk (1.59oz each),"		$17.99/ea($14.51/lb)",17.99,ea(,14.51/lb),,
6088,"NuGo Organic Bars, Dark Chocolate Almond","NuGo Organic Bars, Dark Chocolate Almond",hba_diet_nutrition,hba,12ct (1.76 oz bars),"		$19.29/ea($14.61/lb)",19.29,ea(,14.61/lb),,
6089,"NuGo Organic Double Dark Chocolate Bar, Tray","NuGo Organic Double Dark Chocolate Bar, Tray",hba_diet_nutrition,hba,12ct (1.76oz ea),"		$19.29/ea($14.61/lb)",19.29,ea(,14.61/lb),,
6090,"NuGo Peanut Butter Pleaser Bars, Tray","NuGo Peanut Butter Pleaser Bars, Tray",hba_diet_nutrition,hba,15ct,"		$17.99/tray($10.90/lb)",17.99,tray(,10.90/lb),,
6091,"NuGo Really Vanilla Bar, Tray","NuGo Really Vanilla Bar, Tray",hba_diet_nutrition,hba,15ct (1.76oz bar),"		$17.99/ea($10.90/lb)",17.99,ea(,10.90/lb),,
6092,"NuGo Slim Bars, Crunchy Peanut Butter","NuGo Slim Bars, Crunchy Peanut Butter",hba_diet_nutrition,hba,12ct (1.59 oz bars),"		$19.29/ea($16.21/lb)",19.29,ea(,16.21/lb),,
6093,"NuGo Slim Bars, Raspberry Truffle","NuGo Slim Bars, Raspberry Truffle",hba_diet_nutrition,hba,12ct (1.59 oz bars),"		$19.29/ea($16.21/lb)",19.29,ea(,16.21/lb),,
6094,"NuGo Smarte Carb Sugar Free Peanut Butter Crunch, Tray","NuGo Smarte Carb Sugar Free Peanut Butter Crunch, Tray",hba_diet_nutrition,hba,12ct (1.76oz bar),"		$17.99/ea($13.63/lb)",17.99,ea(,13.63/lb),,
6095,"QuestBar Natural Protein Bar, Coconut Cashew","QuestBar Natural Protein Bar, Coconut Cashew",hba_diet_nutrition,hba,12 bars,"		$27.99/ea",27.99,ea,,,
6096,"QuestBar Protein Bar, Apple Pie","QuestBar Protein Bar, Apple Pie",hba_diet_nutrition,hba,12 bars,"		$27.99/ea",27.99,ea,,,
6097,"QuestBar Protein Bar, Chocolate Brownie","QuestBar Protein Bar, Chocolate Brownie",hba_diet_nutrition,hba,12 bars,"		$27.99/ea",27.99,ea,,,
6098,"QuestBar Protein Bar, Chocolate Chip Cookie Dough","QuestBar Protein Bar, Chocolate Chip Cookie Dough",hba_diet_nutrition,hba,12 bars,"		$27.99/ea",27.99,ea,,,
6099,"QuestBar Protein Bar, Cookies & Cream","QuestBar Protein Bar, Cookies & Cream",hba_diet_nutrition,hba,12 bars,"		$27.99/ea",27.99,ea,,,
6100,"QuestBar Protein Bar, Peanut Butter Supreme","QuestBar Protein Bar, Peanut Butter Supreme",hba_diet_nutrition,hba,12 bars,"		$27.99/ea",27.99,ea,,,
6101,"QuestBar Protein Bar, Vanilla Almond Crunch","QuestBar Protein Bar, Vanilla Almond Crunch",hba_diet_nutrition,hba,12 bars,"		$27.99/ea",27.99,ea,,,
6102,"QuestBar Protein Bar, White Chocolate Raspberry","QuestBar Protein Bar, White Chocolate Raspberry",hba_diet_nutrition,hba,12 bars,"		$27.99/ea",27.99,ea,,,
6103,Luna Vanilla Almond Bar,Luna Vanilla Almond Bar,hba_diet_nutrition,hba,6ct,"		$0.00/null($0.00/ct)",0,null(,0.00/ct),,
6104,"Lärabar Fruit & Nut Food Bar, Chocolate Chip Cherry Torte","Lärabar Fruit & Nut Food Bar, Chocolate Chip Cherry Torte",hba_diet_nutrition,hba,"5ct, 1.6oz ea","		$0.00/null($0.00/lb)",0,null(,0.00/lb),,
6111,"Russet Potato, Bag","Russet Potato, Bag",veg_vpak,vegetables,5lb,"		$3.99/ea",3.99,ea,,,
6112,"Yukon Gold Potatoes, Bag","Yukon Gold Potatoes, Bag",veg_vpak,vegetables,5lb,"		$4.99/ea",4.99,ea,,,
6114,"Red Potato, 5lb Bag","Red Potato, 5lb Bag",veg_vpak,vegetables,NA,"		$3.99/ea",3.99,ea,,,
6163,Prime Boneless Sirloin Steak,Prime Boneless Sirloin Steak,mt_b,meat,NA,"		$9.99/lb",9.99,lb,,,
6164,Prime Boneless NY Strip Steak,Prime Boneless NY Strip Steak,mt_b,meat,NA," 	$18.49/lb $21.99Save 16%",18.49,lb ,21.99Save 16%,,
6165,Prime Rib Eye Steak,Prime Rib Eye Steak,mt_b,meat,NA,"		$25.99/lb",25.99,lb,,,
6166,Prime Bone-In Rib Steak,Prime Bone-In Rib Steak,mt_b,meat,NA,"		$23.99/lb",23.99,lb,,,
6167,Prime NY Strip Loin Roast,Prime NY Strip Loin Roast,mt_b,meat,NA,"		$19.99/lb",19.99,lb,,,
6168,Prime Rib Eye Roast,Prime Rib Eye Roast,mt_b,meat,NA,"		$23.99/lb",23.99,lb,,,
6169,Prime Standing Rib Roast,Prime Standing Rib Roast,mt_b,meat,NA,"		$23.99/lb",23.99,lb,,,
6170,100% Grass-Fed NY Strip Steak,100% Grass-Fed NY Strip Steak,mt_b,meat,NA,"		$21.99/lb",21.99,lb,,,
6171,100% Grass-Fed Boneless Sirloin Steak,100% Grass-Fed Boneless Sirloin Steak,mt_b,meat,NA,"		$16.99/lb",16.99,lb,,,
6172,100% Grass-Fed Filet Mignon,100% Grass-Fed Filet Mignon,mt_b,meat,NA,"		$43.99/lb",43.99,lb,,,
6173,"100% Grass-Fed Bone-in Rib Steak, Raised without Antibiotics","100% Grass-Fed Bone-in Rib Steak, Raised without Antibiotics",mt_b,meat,NA,"		$19.99/lb",19.99,lb,,,
6174,100% Grass-Fed Rib Eye Steak,100% Grass-Fed Rib Eye Steak,mt_b,meat,NA,"		$0.00/null",0,null,,,
6175,100% Grass-Fed Beef Flank Steak,100% Grass-Fed Beef Flank Steak,mt_b,meat,Pack,"		$0.00/null",0,null,,,
6176,100% Grass-Fed Beef Skirt Steak,100% Grass-Fed Beef Skirt Steak,mt_b,meat,Pack,"		$0.00/null",0,null,,,
6179,100% Grass-Fed Beef Stew Meat,100% Grass-Fed Beef Stew Meat,mt_b,meat,1lb,"		$10.99/ea",10.99,ea,,,
6181,100% Grass-Fed Beef Stir-Fry Strips,100% Grass-Fed Beef Stir-Fry Strips,mt_b,meat,NA,"		$12.99/lb",12.99,lb,,,
6182,100% Grass-Fed Beef Eye Round Steak,100% Grass-Fed Beef Eye Round Steak,mt_b,meat,NA,"		$12.99/lb",12.99,lb,,,
6183,100% Grass-Fed Beef Short Ribs,100% Grass-Fed Beef Short Ribs,mt_b,meat,pack,"		$14.99/lb",14.99,lb,,,
6184,100% Grass-Fed Beef Top Sirloin Steak,100% Grass-Fed Beef Top Sirloin Steak,mt_b,meat,NA,"		$13.99/lb",13.99,lb,,,
6185,100% Grass-Fed Edge of Eye Steak,100% Grass-Fed Edge of Eye Steak,mt_b,meat,NA,"		$12.99/lb",12.99,lb,,,
6186,100% Grass-Fed Beef Marrow Bones,100% Grass-Fed Beef Marrow Bones,mt_b,meat,pack,"		$7.99/lb",7.99,lb,,,
6187,100% Grass-Fed Beef Sandwich Steak,100% Grass-Fed Beef Sandwich Steak,mt_b,meat,NA,"		$10.99/lb",10.99,lb,,,
6188,100% Grass-Fed Beef Liver,100% Grass-Fed Beef Liver,mt_b,meat,NA,"		$0.00/null",0,null,,,
6189,100% Grass-Fed Beef Eye Round Roast,100% Grass-Fed Beef Eye Round Roast,mt_b,meat,NA,"		$12.99/lb",12.99,lb,,,
6190,100% Grass-Fed Beef Top Round London Broil,100% Grass-Fed Beef Top Round London Broil,mt_b,meat,NA,"		$11.99/lb",11.99,lb,,,
6191,100% Grass-Fed Bone-In Rib Roast,100% Grass-Fed Bone-In Rib Roast,mt_b,meat,NA,"		$18.99/lb",18.99,lb,,,
6192,100% Grass-Fed Brisket,100% Grass-Fed Brisket,mt_b,meat,Pack," 	$13.99/lb $17.99Save 22%",13.99,lb ,17.99Save 22%,,
6193,100% Grass-Fed Chuck Pot Roast,100% Grass-Fed Chuck Pot Roast,mt_b,meat,NA,"		$11.99/lb",11.99,lb,,,
6194,"100% Grass-Fed NY Strip Top Loin Roast, Raised without Antibiotics","100% Grass-Fed NY Strip Top Loin Roast, Raised without Antibiotics",mt_b,meat,NA,"		$21.99/lb",21.99,lb,,,
6195,100% Grass-Fed Top Round Roast,100% Grass-Fed Top Round Roast,mt_b,meat,NA,"		$11.99/lb",11.99,lb,,,
6196,"100% Grass-Fed Rib Eye Roast, Raised without Antibiotics","100% Grass-Fed Rib Eye Roast, Raised without Antibiotics",mt_b,meat,NA,"		$0.00/null",0,null,,,
6197,"100% Grass-Fed Local Beef Share, Frozen","100% Grass-Fed Local Beef Share, Frozen",mt_b,meat,20-22 lbs (18-20 pcs)," 	$239.99/ea $269.99Save 10%",239.99,ea ,269.99Save 10%,,
6198,Korean Sesame-Marinated Beef Skirt Steak,Korean Sesame-Marinated Beef Skirt Steak,mt_b,meat,(Serves 2-3),"		$21.99/lb",21.99,lb,,,
6199,Bourbon-Marinated Beef Flank Steak,Bourbon-Marinated Beef Flank Steak,mt_b,meat,Pack,"		$14.99/lb",14.99,lb,,,
6200,Chimichurri Marinated Beef Flank Steak,Chimichurri Marinated Beef Flank Steak,mt_b,meat,Pack,"		$14.99/lb",14.99,lb,,,
6201,Ginger-Spiced Beef Short Ribs,Ginger-Spiced Beef Short Ribs,mt_b,meat,(6pcs per pack),"		$9.99/lb",9.99,lb,,,
6202,Korean Sesame-Marinated Beef Flank Steak,Korean Sesame-Marinated Beef Flank Steak,mt_b,meat,Pack,"		$14.99/lb",14.99,lb,,,
6203,Lime & Cumin-Crusted Beef Skirt Steak,Lime & Cumin-Crusted Beef Skirt Steak,mt_b,meat,NA,"		$21.99/lb",21.99,lb,,,
6204,Boneless Strip Steak ,Boneless Strip Steak ,mt_b,meat,NA,"		$13.99/lb",13.99,lb,,,
6205,Filet Mignon,Filet Mignon,mt_b,meat,NA,"		$25.99/lb",25.99,lb,,,
6206,NY Strip Steak,NY Strip Steak,mt_b,meat,2lb,"		$11.99/lb",11.99,lb,,,
6208,Rib Eye Steak ,Rib Eye Steak ,mt_b,meat,NA,"		$15.99/lb",15.99,lb,,,
6209,Bone-In Rib Steak,Bone-In Rib Steak,mt_b,meat,NA,"		$15.99/lb",15.99,lb,,,
6210,Boneless Sirloin Steak,Boneless Sirloin Steak,mt_b,meat,NA,"		$10.99/lb",10.99,lb,,,
6211,"Filet Mignon, Center-Cut","Filet Mignon, Center-Cut",mt_b,meat,NA,"		$29.99/lb",29.99,lb,,,
6212,T-Bone Steak,T-Bone Steak,mt_b,meat,NA,"		$13.99/lb",13.99,lb,,,
6213,Porterhouse Steak,Porterhouse Steak,mt_b,meat,NA,"		$17.99/lb",17.99,lb,,,
6214,Beef Skirt Steak ,Beef Skirt Steak ,mt_b,meat,2.5oz,"		$19.99/lb",19.99,lb,,,
6215,Just FreshDirect Fajita Seasoning,Just FreshDirect Fajita Seasoning,mt_b,meat,2.5oz,"		$3.99/ea($24.94/lb)",3.99,ea(,24.94/lb),,
6216,Flank Steak,Flank Steak,mt_b,meat,pint (16 fl oz),"		$12.99/lb",12.99,lb,,,
6222,"Bone-In NY Strip Steak, Dry Aged","Bone-In NY Strip Steak, Dry Aged",mt_b,meat,"1.5"" (16 - 19 oz)","		$19.99/lb",19.99,lb,,,
6225,"Porterhouse Steak, Dry Aged","Porterhouse Steak, Dry Aged",mt_b,meat,22oz,"		$23.99/lb",23.99,lb,,,
6240,Hanger Steak,Hanger Steak,mt_b,meat,12oz," 	$8.99/lb $11.99Save 25%",8.99,lb ,11.99Save 25%,,
6242,Petite Beef Filet,Petite Beef Filet,mt_b,meat,2 pieces per pack,"		$11.99/lb",11.99,lb,,,
6251,Top Sirloin Steak,Top Sirloin Steak,mt_b,meat,NA,"		$8.99/lb",8.99,lb,,,
6252,Edge of Eye Steak,Edge of Eye Steak,mt_b,meat,NA,"		$7.99/lb",7.99,lb,,,
6253,Sandwich Steak,Sandwich Steak,mt_b,meat,(4 - 6 slices per lb),"		$6.99/lb",6.99,lb,,,
6254,Eye Round Steak,Eye Round Steak,mt_b,meat,NA,"		$7.49/lb",7.49,lb,,,
6255,Top Round Steak,Top Round Steak,mt_b,meat,NA,"		$7.99/lb",7.99,lb,,,
6269,"85% Lean Ground Beef, Organic","85% Lean Ground Beef, Organic",mt_b,meat,3oz,"		$9.99/lb",9.99,lb,,,
6270,Just FreshDirect Meatloaf Seasoning,Just FreshDirect Meatloaf Seasoning,mt_b,meat,3oz,"		$3.99/ea($21.00/lb)",3.99,ea(,21.00/lb),,
6271,90% Lean Ground Beef Sirloin,90% Lean Ground Beef Sirloin,mt_b,meat,2.1oz,"		$7.49/lb",7.49,lb,,,
6272,Just FreshDirect Taco Seasoning,Just FreshDirect Taco Seasoning,mt_b,meat,2.1oz,"		$3.49/ea($26.85/lb)",3.49,ea(,26.85/lb),,
6275,Premium Ground Beef,Premium Ground Beef,mt_b,meat,NA,"		$5.49/lb",5.49,lb,,,
6276,80% Lean Ground Chuck,80% Lean Ground Chuck,mt_b,meat,NA,"		$5.99/lb",5.99,lb,,,
6277,85% Lean Ground Round,85% Lean Ground Round,mt_b,meat,NA,"		$6.49/lb",6.49,lb,,,
6278,Pat LaFrieda Original Ground Beef Blend,Pat LaFrieda Original Ground Beef Blend,mt_b,meat,1lb,"		$6.99/lb",6.99,lb,,,
6280,Kobe Beef America Ground Beef,Kobe Beef America Ground Beef,mt_b,meat,16oz,"		$8.99/ea",8.99,ea,,,
6282,Pat LaFrieda Short Rib Ground Beef Blend,Pat LaFrieda Short Rib Ground Beef Blend,mt_b,meat,1lb,"		$6.99/lb",6.99,lb,,,
6284,"Pat LaFrieda Original Beef Hamburger, Fresh","Pat LaFrieda Original Beef Hamburger, Fresh",mt_b,meat,"4pk, 6oz ea","		$6.99/lb",6.99,lb,,,
6286,"FreshDirect Organic Lean Ground Beef Patties, Fresh","FreshDirect Organic Lean Ground Beef Patties, Fresh",mt_b,meat,"4pk, 6oz burgers","		$9.99/lb",9.99,lb,,,
6287,"Pat LaFrieda Beef Short Rib Hamburger, Fresh","Pat LaFrieda Beef Short Rib Hamburger, Fresh",mt_b,meat,"4pk, 6oz ea","		$6.99/lb",6.99,lb,,,
6288,Kobe Beef America Ground Beef Burgers,Kobe Beef America Ground Beef Burgers,mt_b,meat,"4ct, 6oz ea","		$8.99/lb",8.99,lb,,,
6290,"Pat LaFrieda Beef Brisket Hamburger, Fresh","Pat LaFrieda Beef Brisket Hamburger, Fresh",mt_b,meat,"4pk, 6oz ea","		$6.99/lb",6.99,lb,,,
6291,"Pat LaFrieda Dry-Aged Beef Burger, Fresh","Pat LaFrieda Dry-Aged Beef Burger, Fresh",mt_b,meat,"4pk, 6oz burgers","		$8.99/lb",8.99,lb,,,
6296,Bone-In Rib Roast,Bone-In Rib Roast,mt_b,meat,NA,"		$12.99/lb",12.99,lb,,,
6297,Chateaubriand Roast,Chateaubriand Roast,mt_b,meat,NA,"		$29.99/lb",29.99,lb,,,
6298,Full Filet Mignon Roast,Full Filet Mignon Roast,mt_b,meat,NA,"		$25.99/lb",25.99,lb,,,
6299,NY Strip Loin Roast,NY Strip Loin Roast,mt_b,meat,NA,"		$12.99/lb",12.99,lb,,,
6300,Rib Eye Roast,Rib Eye Roast,mt_b,meat,NA,"		$15.99/lb",15.99,lb,,,
6301,Standing Rib Roast,Standing Rib Roast,mt_b,meat,NA,"		$14.99/lb",14.99,lb,,,
6312,Chuck Pot Roast,Chuck Pot Roast,mt_b,meat,NA,"		$6.99/lb",6.99,lb,,,
6313,Choice Beef Brisket,Choice Beef Brisket,mt_b,meat,NA,"		$11.99/lb",11.99,lb,,,
6314,Eye Round Roast,Eye Round Roast,mt_b,meat,NA,"		$6.99/lb",6.99,lb,,,
6315,Top Round London Broil,Top Round London Broil,mt_b,meat,NA,"		$7.99/lb",7.99,lb,,,
6316,"Corned Beef Flat-Cut Brisket, Ready-to-Cook","Corned Beef Flat-Cut Brisket, Ready-to-Cook",mt_b,meat,NA,"		$8.99/lb",8.99,lb,,,
6317,Sirloin London Broil,Sirloin London Broil,mt_b,meat,NA,"		$8.99/lb",8.99,lb,,,
6318,Top Round Roast,Top Round Roast,mt_b,meat,NA,"		$7.99/lb",7.99,lb,,,
6328,Beef Stew Meat,Beef Stew Meat,mt_b,meat,(10 - 12 pieces per lb),"		$6.99/lb",6.99,lb,,,
6329,Beef Stir-Fry Strips,Beef Stir-Fry Strips,mt_b,meat,NA,"		$6.99/lb",6.99,lb,,,
6330,Beef Fajita Strips,Beef Fajita Strips,mt_b,meat,NA,"		$6.99/lb",6.99,lb,,,
6331,Beef Round Cubes,Beef Round Cubes,mt_b,meat,(10 - 12 pieces per lb),"		$6.99/lb",6.99,lb,,,
6332,Bone-In Beef Stew Meat,Bone-In Beef Stew Meat,mt_b,meat,NA,"		$5.49/lb",5.49,lb,,,
6333,Beef Braciola,Beef Braciola,mt_b,meat,(2 - 3 slices per lb),"		$7.99/lb",7.99,lb,,,
6334,Beef Cubes for Kabobs,Beef Cubes for Kabobs,mt_b,meat,(10 - 12 pieces per lb),"		$7.49/lb",7.49,lb,,,
6335,Filet Mignon Tips,Filet Mignon Tips,mt_b,meat,(2 pieces per lb),"		$21.99/lb",21.99,lb,,,
6336,Pepper Steak,Pepper Steak,mt_b,meat,NA,"		$6.99/lb",6.99,lb,,,
6337,Thin Sliced Filet Mignon,Thin Sliced Filet Mignon,mt_b,meat,(14 - 16 pieces per lb),"		$21.99/lb",21.99,lb,,,
6348,Beef Oxtails,Beef Oxtails,mt_b,meat,NA,"		$8.99/lb",8.99,lb,,,
6349,Beef Short Ribs,Beef Short Ribs,mt_b,meat,2-3ct/lb,"		$7.99/lb",7.99,lb,,,
6350,Beef Liver,Beef Liver,mt_b,meat,NA,"		$2.99/lb",2.99,lb,,,
6351,Flanken,Flanken,mt_b,meat,2-3ct/lb,"		$7.99/lb",7.99,lb,,,
6387,Smart Chicken Organic Air-Chilled Whole Chicken,Smart Chicken Organic Air-Chilled Whole Chicken,mt_c,meat,15oz,"		$4.99/lb",4.99,lb,,,
6389,Coleman Organic Whole Chicken,Coleman Organic Whole Chicken,mt_c,meat,NA,"		$3.99/lb",3.99,lb,,,
6391,"Organic Whole Chicken, Raised Without Antibiotics","Organic Whole Chicken, Raised Without Antibiotics",mt_c,meat,NA," 	$3.29/lb $4.49Save 26%",3.29,lb ,4.49Save 26%,,
6393,"Whole Chicken, Raised Without Antibiotics","Whole Chicken, Raised Without Antibiotics",mt_c,meat,16oz,"		$2.99/lb",2.99,lb,,,
6394,Steamed Tuscan Kale with Garlic (Made with Organic Kale),Steamed Tuscan Kale with Garlic (Made with Organic Kale),mt_c,meat,16oz,"		$9.99/ea($9.99/lb)",9.99,ea(,9.99/lb),,
6395,"Poulet Rouge Heritage Air-Chilled Whole Chicken, Raised w/o Antibiotics, Fresh","Poulet Rouge Heritage Air-Chilled Whole Chicken, Raised w/o Antibiotics, Fresh",mt_c,meat,NA,"		$4.79/lb",4.79,lb,,,
6396,"Whole Chicken, Fresh, Grade A","Whole Chicken, Fresh, Grade A",mt_c,meat,NA,"		$1.99/lb",1.99,lb,,,
6398,"Whole Roaster Chicken, Grade A, Fresh","Whole Roaster Chicken, Grade A, Fresh",mt_c,meat,NA,"		$2.29/lb",2.29,lb,,,
6400,"Boneless Skinless Chicken Breast Cutlets, Grade A","Boneless Skinless Chicken Breast Cutlets, Grade A",mt_c,meat,5-6 pieces per pack,"		$5.99/lb",5.99,lb,,,
6401,"Boneless Skinless Chicken Breast, Grade A, 3-4pc","Boneless Skinless Chicken Breast, Grade A, 3-4pc",mt_c,meat,NA,"		$4.49/lb",4.49,lb,,,
6403,Chicken Breast with Ribs,Chicken Breast with Ribs,mt_c,meat,2-piece packs,"		$2.99/lb",2.99,lb,,,
6407,"Boneless Skinless Chicken Breast Cutlets, Raised Without Antibiotics","Boneless Skinless Chicken Breast Cutlets, Raised Without Antibiotics",mt_c,meat,5-6 pieces per pack,"		$6.99/lb",6.99,lb,,,
6408,Just FreshDirect Himalayan Pink Salt Grinder,Just FreshDirect Himalayan Pink Salt Grinder,mt_c,meat,4.5oz,"		$4.99/ea($17.82/lb)",4.99,ea(,17.82/lb),,
6409,"Chicken Breast with Ribs, Raised Without Antibiotics","Chicken Breast with Ribs, Raised Without Antibiotics",mt_c,meat,2 pieces per pack,"		$3.49/lb",3.49,lb,,,
6411,"Skinless Chicken Breast with Ribs, Raised Without Antibiotics","Skinless Chicken Breast with Ribs, Raised Without Antibiotics",mt_c,meat,2 pieces per pack,"		$3.69/lb",3.69,lb,,,
6412,"Boneless Skinless Chicken Breasts, Raised Without Antibiotics","Boneless Skinless Chicken Breasts, Raised Without Antibiotics",mt_c,meat,3pcs/pk,"		$5.99/lb",5.99,lb,,,
6413,Coleman Organic Chicken Breast Tenders,Coleman Organic Chicken Breast Tenders,mt_c,meat,NA,"		$10.99/lb",10.99,lb,,,
6414,Coleman Organic Thin Sliced Chicken Cutlets,Coleman Organic Thin Sliced Chicken Cutlets,mt_c,meat,4 pieces per pack,"		$11.99/lb",11.99,lb,,,
6415,"Smart Chicken Organic Boneless Skinless Breasts, Air-Chilled","Smart Chicken Organic Boneless Skinless Breasts, Air-Chilled",mt_c,meat,NA,"		$12.99/lb",12.99,lb,,,
6416,"Smart Chicken Organic Thin Sliced Cutlets, Air-Chilled","Smart Chicken Organic Thin Sliced Cutlets, Air-Chilled",mt_c,meat,4 pieces per pack,"		$13.99/lb",13.99,lb,,,
6417,Coleman Organic Boneless Skinless Chicken Breast,Coleman Organic Boneless Skinless Chicken Breast,mt_c,meat,2-3 pieces per pack,"		$9.99/lb",9.99,lb,,,
6419,Organic Boneless Chicken Tenders,Organic Boneless Chicken Tenders,mt_c,meat,10-12 pieces per pack," 	$8.99/lb $11.99Save 25%",8.99,lb ,11.99Save 25%,,
6420,"Organic Boneless Skinless Chicken Breast, 3 pc","Organic Boneless Skinless Chicken Breast, 3 pc",mt_c,meat,3 pieces," 	$7.19/lb $11.99Save 40%",7.19,lb ,11.99Save 40%,,
6422,"Coleman Organic Fresh for the Freezer Boneless Skinless Chicken Breasts, Individually Wrapped","Coleman Organic Fresh for the Freezer Boneless Skinless Chicken Breasts, Individually Wrapped",mt_c,meat,NA,"		$10.99/lb",10.99,lb,,,
6425,"Boneless Skinless Chicken Thighs, Raised Without Antibiotics","Boneless Skinless Chicken Thighs, Raised Without Antibiotics",mt_c,meat,4-5 pieces per pack,"		$4.99/lb",4.99,lb,,,
6426,"Smart Chicken Organic Boneless Skinless Thighs, Air-Chilled","Smart Chicken Organic Boneless Skinless Thighs, Air-Chilled",mt_c,meat,6 pieces per pack,"		$8.49/lb",8.49,lb,,,
6427,Boneless Skinless Chicken Thighs,Boneless Skinless Chicken Thighs,mt_c,meat,5-6 pieces per pack,"		$3.99/lb",3.99,lb,,,
6428,Coleman Organic Boneless Skinless Chicken Thighs,Coleman Organic Boneless Skinless Chicken Thighs,mt_c,meat,4-5 pieces per pack,"		$6.99/lb",6.99,lb,,,
6431,"Chicken Drumsticks & Thighs, Raised Without Antibiotics","Chicken Drumsticks & Thighs, Raised Without Antibiotics",mt_c,meat,"3 drums, 3 thighs","		$2.99/lb",2.99,lb,,,
6432,"Chicken Thighs, Raised Without Antibiotics","Chicken Thighs, Raised Without Antibiotics",mt_c,meat,4 pieces per pack,"		$2.99/lb",2.99,lb,,,
6433,"Chicken Drumsticks, Raised Without Antibiotics","Chicken Drumsticks, Raised Without Antibiotics",mt_c,meat,4-6 pieces per pack,"		$2.99/lb",2.99,lb,,,
6434,"Chicken Drumsticks & Thighs, Grade A","Chicken Drumsticks & Thighs, Grade A",mt_c,meat,"6 drums, 6 thighs","		$1.99/lb",1.99,lb,,,
6435,"Chicken Drumsticks, Grade A","Chicken Drumsticks, Grade A",mt_c,meat,4-6 pieces per pack,"		$1.99/lb",1.99,lb,,,
6436,"Chicken Thighs, Grade A","Chicken Thighs, Grade A",mt_c,meat,4 pieces per pack,"		$1.99/lb",1.99,lb,,,
6439,Organic Chicken Drumsticks & Thighs,Organic Chicken Drumsticks & Thighs,mt_c,meat,"3 drums, 3 thighs per pack"," 	$3.69/lb $4.99Save 26%",3.69,lb ,4.99Save 26%,,
6441,"Whole Chicken Legs, Raised Without Antibiotics","Whole Chicken Legs, Raised Without Antibiotics",mt_c,meat,2-piece packs,"		$2.79/lb",2.79,lb,,,
6445,"Cut-Up Whole Chicken, Raised Without Antibiotics","Cut-Up Whole Chicken, Raised Without Antibiotics",mt_c,meat,8-piece pack,"		$2.99/lb",2.99,lb,,,
6449,Grade A Cut-Up Whole Chicken,Grade A Cut-Up Whole Chicken,mt_c,meat,8-piece pack,"		$1.99/lb",1.99,lb,,,
6450,"Poulet Rouge Heritage Air-Chilled Cut-Up Half Chicken, Raised w/o Antibiotics, Fresh","Poulet Rouge Heritage Air-Chilled Cut-Up Half Chicken, Raised w/o Antibiotics, Fresh",mt_c,meat,4-piece pack,"		$4.99/lb",4.99,lb,,,
6464,Chicken Party Wings,Chicken Party Wings,mt_c,meat,10-12 pieces per pack,"		$3.99/lb",3.99,lb,,,
6466,"Chicken Wings, Raised Without Antibiotics","Chicken Wings, Raised Without Antibiotics",mt_c,meat,6-8 pieces per pack,"		$3.99/lb",3.99,lb,,,
6467,Organic Chicken Wings,Organic Chicken Wings,mt_c,meat,10-12 pieces per pack," 	$4.49/lb $5.99Save 25%",4.49,lb ,5.99Save 25%,,
6469,"Chicken Wings, Grade A","Chicken Wings, Grade A",mt_c,meat,6 pieces per pack,"		$3.49/lb",3.49,lb,,,
6470,"Boneless Chicken Tenders, Raised Without Antibiotics","Boneless Chicken Tenders, Raised Without Antibiotics",mt_c,meat,10 to 12-piece packs,"		$5.99/lb",5.99,lb,,,
6472,"Boneless Chicken Tenders, Grade A","Boneless Chicken Tenders, Grade A",mt_c,meat,10 to12-piece packs,"		$4.99/lb",4.99,lb,,,
6475,"Chicken Cubes for Kabobs, Raised Without Antibiotics","Chicken Cubes for Kabobs, Raised Without Antibiotics",mt_c,meat,NA,"		$5.99/lb",5.99,lb,,,
6476,"Chicken Cubes for Kabobs, Grade A","Chicken Cubes for Kabobs, Grade A",mt_c,meat,NA,"		$4.99/lb",4.99,lb,,,
6477,"Chicken Stir-Fry, Grade A","Chicken Stir-Fry, Grade A",mt_c,meat,18-20 pieces per pack,"		$4.99/lb",4.99,lb,,,
6478,"Chicken Stir-Fry, Raised Without Antibiotics","Chicken Stir-Fry, Raised Without Antibiotics",mt_c,meat,18-20 pieces per pack,"		$5.99/lb",5.99,lb,,,
6479,"Ground Chicken, Raised Without Antibiotics","Ground Chicken, Raised Without Antibiotics",mt_c,meat,NA,"		$5.99/lb",5.99,lb,,,
6480,"Fresh Ground Chicken, Grade A","Fresh Ground Chicken, Grade A",mt_c,meat,NA,"		$4.99/lb",4.99,lb,,,
6481,"Smart Chicken Organic Ground Chicken, Air-Chilled","Smart Chicken Organic Ground Chicken, Air-Chilled",mt_c,meat,1lb,"		$7.99/ea",7.99,ea,,,
6560,"Applegate Farms Roasted Turkey, No Antibiotics Used","Applegate Farms Roasted Turkey, No Antibiotics Used",del_pkgcchd,deli,7oz,"		$5.69/ea($12.93/lb)",5.69,ea(,12.93/lb),,
6561,Empire Kosher Fat Free Oven Prepared Turkey Breast Slices,Empire Kosher Fat Free Oven Prepared Turkey Breast Slices,del_pkgcchd,deli,8oz,"		$4.59/ea($9.18/lb)",4.59,ea(,9.18/lb),,
6562,"Applegate Farms Smoked Turkey, No Antibiotics Used","Applegate Farms Smoked Turkey, No Antibiotics Used",del_pkgcchd,deli,7oz,"		$5.69/ea($12.93/lb)",5.69,ea(,12.93/lb),,
6563,Empire Kosher Fat Free Smoked Turkey Breast Slices,Empire Kosher Fat Free Smoked Turkey Breast Slices,del_pkgcchd,deli,8oz,"		$4.59/ea($9.18/lb)",4.59,ea(,9.18/lb),,
6565,Boar's Head Honey Smoked Turkey,Boar's Head Honey Smoked Turkey,del_pkgcchd,deli,8oz,"		$7.49/ea($14.98/lb)",7.49,ea(,14.98/lb),,
6566,"Applegate Farms Uncured Black Forest Ham, No Antibiotics Used","Applegate Farms Uncured Black Forest Ham, No Antibiotics Used",del_pkgcchd,deli,7oz,"		$5.69/ea($12.93/lb)",5.69,ea(,12.93/lb),,
6567,Boar's Head Boneless Smoked Ham Steak,Boar's Head Boneless Smoked Ham Steak,del_pkgcchd,deli,7oz,"		$5.69/ea($12.93/lb)",5.69,ea(,12.93/lb),,
6568,Citterio Fresco Cooked Ham,Citterio Fresco Cooked Ham,del_pkgcchd,deli,6oz,"		$4.49/ea($11.82/lb)",4.49,ea(,11.82/lb),,
6569,Citterio Fresco Prosciutto,Citterio Fresco Prosciutto,del_pkgcchd,deli,4oz,"		$5.99/ea($23.96/lb)",5.99,ea(,23.96/lb),,
6570,Citterio Fresco Rosmarino (Rosemary Ham),Citterio Fresco Rosmarino (Rosemary Ham),del_pkgcchd,deli,4oz,"		$3.69/ea($14.76/lb)",3.69,ea(,14.76/lb),,
6572,"Beretta Sweet Coppa, Pre-Sliced","Beretta Sweet Coppa, Pre-Sliced",del_pkgcchd,deli,4oz,"		$5.99/ea($23.96/lb)",5.99,ea(,23.96/lb),,
6573,Boar's Head Cooked Ham,Boar's Head Cooked Ham,del_pkgcchd,deli,8oz,"		$6.49/ea($12.98/lb)",6.49,ea(,12.98/lb),,
6574,Boar's Head Prosciutto Di Parma,Boar's Head Prosciutto Di Parma,del_pkgcchd,deli,3oz,"		$7.99/ea($42.05/lb)",7.99,ea(,42.05/lb),,
6575,"Beretta Prosciutto di Parma, Pre-Sliced","Beretta Prosciutto di Parma, Pre-Sliced",del_pkgcchd,deli,4oz,"		$0.00/null($0.00/lb)",0,null(,0.00/lb),,
6576,"Beretta Prosciutto, Pre-Sliced","Beretta Prosciutto, Pre-Sliced",del_pkgcchd,deli,4oz,"		$0.00/null($0.00/lb)",0,null(,0.00/lb),,
6577,Applegate Naturals Uncured Turkey Pepperoni,Applegate Naturals Uncured Turkey Pepperoni,del_pkgcchd,deli,4oz,"		$4.99/ea($19.96/lb)",4.99,ea(,19.96/lb),,
6578,Citterio Fresco Genoa Salami in Natural Casing,Citterio Fresco Genoa Salami in Natural Casing,del_pkgcchd,deli,4oz,"		$3.69/ea($14.76/lb)",3.69,ea(,14.76/lb),,
6579,Citterio Fresco Sopressata,Citterio Fresco Sopressata,del_pkgcchd,deli,4oz,"		$4.49/ea($17.96/lb)",4.49,ea(,17.96/lb),,
6580,Hebrew National Midget Beef Salami,Hebrew National Midget Beef Salami,del_pkgcchd,deli,12oz,"		$7.99/ea($10.65/lb)",7.99,ea(,10.65/lb),,
6581,Applegate Naturals Uncured Genoa Salami,Applegate Naturals Uncured Genoa Salami,del_pkgcchd,deli,4oz,"		$0.00/null($0.00/lb)",0,null(,0.00/lb),,
6582,Hebrew National Lean Beef Salami,Hebrew National Lean Beef Salami,del_pkgcchd,deli,6oz,"		$0.00/null($0.00/lb)",0,null(,0.00/lb),,
6583,Beretta Milano Dry Salami,Beretta Milano Dry Salami,del_pkgcchd,deli,4oz,"		$0.00/null($0.00/lb)",0,null(,0.00/lb),,
6584,Hebrew National Lean Beef Bologna,Hebrew National Lean Beef Bologna,del_pkgcchd,deli,6oz,"		$4.99/ea($13.13/lb)",4.99,ea(,13.13/lb),,
6585,Boar's Head Olive Loaf,Boar's Head Olive Loaf,del_pkgcchd,deli,6oz,"		$4.99/ea($13.13/lb)",4.99,ea(,13.13/lb),,
6598,Applegate Farms Organic American Cheese,Applegate Farms Organic American Cheese,del_pkgcchd,deli,5oz,"		$4.99/ea($16.10/lb)",4.99,ea(,16.10/lb),,
6601,Applegate Farms Organic Provolone Cheese,Applegate Farms Organic Provolone Cheese,del_pkgcchd,deli,5oz,"		$4.99/ea($16.10/lb)",4.99,ea(,16.10/lb),,
6604,"Kraft Singles, Skim Milk American","Kraft Singles, Skim Milk American",del_pkgcchd,deli,16 slices (10.7oz),"		$5.29/ea($7.90/lb)",5.29,ea(,7.90/lb),,
6606,Finlandia Sandwich Naturals Imported Muenster Cheese,Finlandia Sandwich Naturals Imported Muenster Cheese,del_pkgcchd,deli,7oz,"		$3.99/ea($9.07/lb)",3.99,ea(,9.07/lb),,
6607,Finlandia Sandwich Naturals Imported Swiss Cheese,Finlandia Sandwich Naturals Imported Swiss Cheese,del_pkgcchd,deli,7oz,"		$3.99/ea($9.07/lb)",3.99,ea(,9.07/lb),,
6608,Les Petites Fermieres Sliced Mild Cheddar Cheese,Les Petites Fermieres Sliced Mild Cheddar Cheese,del_pkgcchd,deli,6oz,"		$3.99/ea($10.50/lb)",3.99,ea(,10.50/lb),,
6610,Les Petites Fermieres Sliced Muenster Cheese,Les Petites Fermieres Sliced Muenster Cheese,del_pkgcchd,deli,6oz,"		$3.99/ea($10.50/lb)",3.99,ea(,10.50/lb),,
6611,"Andrew & Everett Havarti Cheese, Thin Sliced","Andrew & Everett Havarti Cheese, Thin Sliced",del_pkgcchd,deli,7oz,"		$4.59/ea($10.43/lb)",4.59,ea(,10.43/lb),,
6612,Boar's Head All Natural Muenster Cheese,Boar's Head All Natural Muenster Cheese,del_pkgcchd,deli,8oz,"		$6.49/ea($12.98/lb)",6.49,ea(,12.98/lb),,
6613,Boar's Head Lower Sodium Provolone Cheese,Boar's Head Lower Sodium Provolone Cheese,del_pkgcchd,deli,8oz,"		$6.49/ea($12.98/lb)",6.49,ea(,12.98/lb),,
6614,Boar's Head Pepper Jack Cheese,Boar's Head Pepper Jack Cheese,del_pkgcchd,deli,8oz,"		$6.49/ea($12.98/lb)",6.49,ea(,12.98/lb),,
6615,Boar's Head Smoked Gouda Cheese,Boar's Head Smoked Gouda Cheese,del_pkgcchd,deli,8oz,"		$8.49/ea($16.98/lb)",8.49,ea(,16.98/lb),,
6616,Boar's Head Vermont Cheddar Cheese,Boar's Head Vermont Cheddar Cheese,del_pkgcchd,deli,8oz,"		$6.49/ea($12.98/lb)",6.49,ea(,12.98/lb),,
6617,"100% Grass-Fed Local Boned, Rolled & Tied Leg of Lamb, Raised without Antibiotics","100% Grass-Fed Local Boned, Rolled & Tied Leg of Lamb, Raised without Antibiotics",mt_l,meat,NA,"		$13.99/lb",13.99,lb,,,
6618,"100% Grass-Fed Local Butterflied Leg of Lamb, Whole, Raised without Antibiotics","100% Grass-Fed Local Butterflied Leg of Lamb, Whole, Raised without Antibiotics",mt_l,meat,NA,"		$13.99/lb",13.99,lb,,,
6619,"100% Grass-Fed Local Chuck Shoulder Roast, Raised without Antibiotics","100% Grass-Fed Local Chuck Shoulder Roast, Raised without Antibiotics",mt_l,meat,NA,"		$12.99/lb",12.99,lb,,,
6620,"100% Grass-Fed Local Half Leg of Lamb, Bone-In, Raised without Antibiotics","100% Grass-Fed Local Half Leg of Lamb, Bone-In, Raised without Antibiotics",mt_l,meat,NA,"		$11.99/lb",11.99,lb,,,
6621,"100% Grass-Fed Local Lamb Sirloin Chump Roast, Raised without Antibiotics","100% Grass-Fed Local Lamb Sirloin Chump Roast, Raised without Antibiotics",mt_l,meat,NA,"		$13.99/lb",13.99,lb,,,
6622,"100% Grass-Fed Local Rack of Lamb, Frenched, Raised without Antibiotics","100% Grass-Fed Local Rack of Lamb, Frenched, Raised without Antibiotics",mt_l,meat,NA,"		$34.99/lb",34.99,lb,,,
6623,"100% Grass-Fed Local Semi-Boneless Leg of Lamb, Raised without Antibiotics","100% Grass-Fed Local Semi-Boneless Leg of Lamb, Raised without Antibiotics",mt_l,meat,NA,"		$12.99/lb",12.99,lb,,,
6624,"100% Grass-Fed Local Top Round Lamb Roast, Raised without Antibiotics","100% Grass-Fed Local Top Round Lamb Roast, Raised without Antibiotics",mt_l,meat,NA,"		$16.99/lb",16.99,lb,,,
6625,"100% Grass-Fed Local Lamb Loin Chop, Raised without Antibiotics","100% Grass-Fed Local Lamb Loin Chop, Raised without Antibiotics",mt_l,meat,"1.5"" thick","		$18.99/lb",18.99,lb,,,
6626,"100% Grass-Fed Local Lamb Rib Chop, Frenched, Raised without Antibiotics","100% Grass-Fed Local Lamb Rib Chop, Frenched, Raised without Antibiotics",mt_l,meat,NA,"		$39.99/lb",39.99,lb,,,
6627,"100% Grass-Fed Local Lamb Shoulder Chop, Raised without Antibiotics","100% Grass-Fed Local Lamb Shoulder Chop, Raised without Antibiotics",mt_l,meat,NA,"		$14.99/lb",14.99,lb,,,
6628,"100% Grass-Fed Local Lamb Sirloin Chump Chop, Raised without Antibiotics","100% Grass-Fed Local Lamb Sirloin Chump Chop, Raised without Antibiotics",mt_l,meat,NA,"		$14.99/lb",14.99,lb,,,
6629,"100% Grass-Fed Local Leg of Lamb Cutlets, Raised without Antibiotics","100% Grass-Fed Local Leg of Lamb Cutlets, Raised without Antibiotics",mt_l,meat,NA,"		$16.99/lb",16.99,lb,,,
6630,"100% Grass-Fed Local Lamb Breast Riblets, Raised without Antibiotics","100% Grass-Fed Local Lamb Breast Riblets, Raised without Antibiotics",mt_l,meat,NA," 	$6.99/lb $8.99Save 22%",6.99,lb ,8.99Save 22%,,
6631,"100% Grass-Fed Local Lamb Breast, Raised without Antibiotics","100% Grass-Fed Local Lamb Breast, Raised without Antibiotics",mt_l,meat,NA,"		$7.49/lb",7.49,lb,,,
6632,"100% Grass-Fed Local Lamb Foreshank, Raised without Antibiotics","100% Grass-Fed Local Lamb Foreshank, Raised without Antibiotics",mt_l,meat,NA,"		$10.99/lb",10.99,lb,,,
6633,"100% Grass-Fed Local Boneless Lamb Stew Meat, Raised without Antibiotics","100% Grass-Fed Local Boneless Lamb Stew Meat, Raised without Antibiotics",mt_l,meat,NA,"		$11.99/lb",11.99,lb,,,
6634,"100% Grass-Fed Local Lamb Cubes for Kabobs, Raised without Antibiotics","100% Grass-Fed Local Lamb Cubes for Kabobs, Raised without Antibiotics",mt_l,meat,NA,"		$13.99/lb",13.99,lb,,,
6635,"100% Grass-Fed Local Bone-In Lamb Stew Meat, Raised without Antibiotics","100% Grass-Fed Local Bone-In Lamb Stew Meat, Raised without Antibiotics",mt_l,meat,NA,"		$10.99/lb",10.99,lb,,,
6636,"100% Grass-Fed Ground Lamb, Raised without Antibiotics","100% Grass-Fed Ground Lamb, Raised without Antibiotics",mt_l,meat,NA,"		$10.99/lb",10.99,lb,,,
6637,"Australian Rack of Lamb, Frenched","Australian Rack of Lamb, Frenched",mt_l,meat,NA,"		$16.99/lb",16.99,lb,,,
6646,"Choice Boned, Rolled & Tied Leg of Lamb","Choice Boned, Rolled & Tied Leg of Lamb",mt_l,meat,NA,"		$9.99/lb",9.99,lb,,,
6647,"Choice Butterflied Leg of Lamb, Whole","Choice Butterflied Leg of Lamb, Whole",mt_l,meat,NA,"		$9.99/lb",9.99,lb,,,
6648,"Choice Half Leg of Lamb, Bone-In","Choice Half Leg of Lamb, Bone-In",mt_l,meat,NA,"		$8.99/lb",8.99,lb,,,
6649,Choice Lamb Shoulder Roast,Choice Lamb Shoulder Roast,mt_l,meat,NA,"		$9.99/lb",9.99,lb,,,
6650,"Choice Rack of Lamb, Frenched","Choice Rack of Lamb, Frenched",mt_l,meat,NA,"		$29.99/lb",29.99,lb,,,
6651,Choice Semi-Boneless Leg of Lamb,Choice Semi-Boneless Leg of Lamb,mt_l,meat,NA,"		$7.99/lb",7.99,lb,,,
6652,Noisette Roast,Noisette Roast,mt_l,meat,NA,"		$49.99/lb",49.99,lb,,,
6653,Top Round Lamb Roast,Top Round Lamb Roast,mt_l,meat,NA,"		$12.99/lb",12.99,lb,,,
6654,Australian Frenched Lamb Rib Chop,Australian Frenched Lamb Rib Chop,mt_l,meat,NA,"		$21.99/lb",21.99,lb,,,
6655,Australian Lamb Loin Chop,Australian Lamb Loin Chop,mt_l,meat,"2.0"" (6 - 7 oz)","		$12.99/lb",12.99,lb,,,
6656,Just FreshDirect Espresso Rub,Just FreshDirect Espresso Rub,mt_l,meat,6.4oz,"		$5.99/ea($14.98/lb)",5.99,ea(,14.98/lb),,
6659,"Choice Frenched Lamb Rib Chop, Single Cut","Choice Frenched Lamb Rib Chop, Single Cut",mt_l,meat,NA,"		$33.99/lb",33.99,lb,,,
6660,Choice Lamb Loin Chop,Choice Lamb Loin Chop,mt_l,meat,"1.5"" (4 - 6 oz)","		$16.99/lb",16.99,lb,,,
6661,Choice Lamb Shoulder Chop,Choice Lamb Shoulder Chop,mt_l,meat,NA,"		$8.99/lb",8.99,lb,,,
6662,Choice Round-Bone Lamb Shoulder Chop,Choice Round-Bone Lamb Shoulder Chop,mt_l,meat,NA,"		$10.99/lb",10.99,lb,,,
6670,Choice Lamb Foreshank,Choice Lamb Foreshank,mt_l,meat,NA,"		$6.99/lb",6.99,lb,,,
6673,Lamb Shish Kabob,Lamb Shish Kabob,mt_l,meat,4 skewers per pack,"		$16.99/lb",16.99,lb,,,
6675,Choice Bone-In Lamb Stew Meat,Choice Bone-In Lamb Stew Meat,mt_l,meat,NA,"		$7.99/lb",7.99,lb,,,
6676,Choice Boneless Lamb Stew Meat,Choice Boneless Lamb Stew Meat,mt_l,meat,NA,"		$12.99/lb",12.99,lb,,,
6677,Choice Lamb Cubes for Kabobs,Choice Lamb Cubes for Kabobs,mt_l,meat,NA,"		$13.99/lb",13.99,lb,,,
6679,Lamb Neck Bones,Lamb Neck Bones,mt_l,meat,NA,"		$2.99/lb",2.99,lb,,,
6680,"Ground Lamb, Raised Without Antibiotics","Ground Lamb, Raised Without Antibiotics",mt_l,meat,NA,"		$8.99/lbSave! $7.99/lb for 2lb or more",8.99,lbSave! ,7.99/lb for 2lb or more,,
6687,Red Wax Gouda,Red Wax Gouda,che_by_rgn,cheese,NA,"		$8.99/lb",8.99,lb,,,
6689,Gooda Aged Goat Gouda,Gooda Aged Goat Gouda,che_by_rgn,cheese,NA,"		$14.99/lb",14.99,lb,,,
6690,18 Month Black Wax Gouda,18 Month Black Wax Gouda,che_by_rgn,cheese,NA,"		$15.99/lb",15.99,lb,,,
6691,Edam,Edam,che_by_rgn,cheese,NA,"		$7.99/lb",7.99,lb,,,
6693,Gooda Light Gouda,Gooda Light Gouda,che_by_rgn,cheese,NA,"		$10.99/lb",10.99,lb,,,
6694,Old Amsterdam Gouda,Old Amsterdam Gouda,che_by_rgn,cheese,NA,"		$16.99/lb",16.99,lb,,,
6696,"Prima Donna Aged Gouda, 14 Month","Prima Donna Aged Gouda, 14 Month",che_by_rgn,cheese,NA,"		$15.99/lb",15.99,lb,,,
6697,Boerenkaas,Boerenkaas,che_by_rgn,cheese,NA,"		$11.99/lb",11.99,lb,,,
6698,"Boerenkaas Cheese, Extra Aged ","Boerenkaas Cheese, Extra Aged ",che_by_rgn,cheese,NA,"		$14.99/lb",14.99,lb,,,
6701,"Gouda, 4 Year","Gouda, 4 Year",che_by_rgn,cheese,NA,"		$0.00/null",0,null,,,
6702,Cotswold,Cotswold,che_by_rgn,cheese,NA,"		$18.99/lb",18.99,lb,,,
6705,Irish Cheddar,Irish Cheddar,che_by_rgn,cheese,NA,"		$12.99/lb",12.99,lb,,,
6707,"French Brie, 60% Double Cream","French Brie, 60% Double Cream",che_by_rgn,cheese,6oz,"		$10.99/lb",10.99,lb,,,
6709,Boursin Herb & Garlic Gournay Cheese,Boursin Herb & Garlic Gournay Cheese,che_by_rgn,cheese,5oz,"		$5.69/ea($18.35/lb)",5.69,ea(,18.35/lb),,
6713,Camembert Le Châtelain,Camembert Le Châtelain,che_by_rgn,cheese,8.8oz,"		$7.99/ea($14.53/lb)",7.99,ea(,14.53/lb),,
6715,Edel de Cléron,Edel de Cléron,che_by_rgn,cheese,NA,"		$21.99/lb",21.99,lb,,,
6717,L'Explorateur Triple Crème,L'Explorateur Triple Crème,che_by_rgn,cheese,8oz,"		$12.99/ea",12.99,ea,,,
6719,Peppered Brie,Peppered Brie,che_by_rgn,cheese,NA,"		$16.99/lb",16.99,lb,,,
6723,Saint André,Saint André,che_by_rgn,cheese,NA,"		$20.99/lb",20.99,lb,,,
6724,Small Brie 60%,Small Brie 60%,che_by_rgn,cheese,approx. 2 lb cheese (serves 8-10),"		$10.99/lb",10.99,lb,,,
6725,European Cheese Plate (with Crackers),European Cheese Plate (with Crackers),che_by_rgn,cheese,approx. 2 lb cheese (serves 8-10),"		$75.00/ea",75,ea,,,
6732,Herbed French Brie,Herbed French Brie,che_by_rgn,cheese,NA,"		$0.00/null",0,null,,,
6738,"French Crottin Goat Cheese, Young ","French Crottin Goat Cheese, Young ",che_by_rgn,cheese,2oz,"		$4.99/ea",4.99,ea,,,
6740,Jacquin Le Chevrot,Jacquin Le Chevrot,che_by_rgn,cheese,7oz,"		$0.00/null",0,null,,,
6756,Tartufo Truffle Gouda,Tartufo Truffle Gouda,che_by_rgn,cheese,16oz,"		$25.99/lb",25.99,lb,,,
6812,New York State Cheddar Extra-Sharp,New York State Cheddar Extra-Sharp,che_by_rgn,cheese,4.5oz,"		$6.99/lb",6.99,lb,,,
6816,Cabot Vermont Cheddar,Cabot Vermont Cheddar,che_by_rgn,cheese,5oz,"		$8.99/lb",8.99,lb,,,
6822,FreshDirect Monterey Jack,FreshDirect Monterey Jack,che_by_rgn,cheese,NA,"		$6.99/lb",6.99,lb,,,
6823,"Wisconsin Cheddar, Medium-Sharp","Wisconsin Cheddar, Medium-Sharp",che_by_rgn,cheese,4.5oz,"		$6.99/lb",6.99,lb,,,
6825,Cabot 75% Light Vermont Cheddar,Cabot 75% Light Vermont Cheddar,che_by_rgn,cheese,6oz,"		$11.99/lb",11.99,lb,,,
6830,"Grafton Village Cheese Company Cheddar, 2-Year Aged","Grafton Village Cheese Company Cheddar, 2-Year Aged",che_by_rgn,cheese,6oz,"		$12.99/lb",12.99,lb,,,
6832,Smoked Gouda,Smoked Gouda,che_by_rgn,cheese,NA,"		$7.99/lb",7.99,lb,,,
6833,Vermont Creamery Goat Cheese Crumbles,Vermont Creamery Goat Cheese Crumbles,che_by_rgn,cheese,NA," 	$11.19/lb $13.99Save 20%",11.19,lb ,13.99Save 20%,,
6835,Chavrie Goat Cheese,Chavrie Goat Cheese,che_by_rgn,cheese,5.3oz,"		$3.99/ea($12.09/lb)",3.99,ea(,12.09/lb),,
6837,Coach Farm Goat Cheese with Fig,Coach Farm Goat Cheese with Fig,che_by_rgn,cheese,4oz,"		$4.49/ea",4.49,ea,,,
6840,Coach Farm The Medallion Goat Cheese,Coach Farm The Medallion Goat Cheese,che_by_rgn,cheese,4oz,"		$6.49/ea",6.49,ea,,,
6841,Crottin Goat Cheese,Crottin Goat Cheese,che_by_rgn,cheese,3.5oz,"		$3.99/ea",3.99,ea,,,
6842,Cypress Grove Chèvre Humboldt Fog,Cypress Grove Chèvre Humboldt Fog,che_by_rgn,cheese,NA," 	$21.59/lb $26.99Save 20%",21.59,lb ,26.99Save 20%,,
6846,Naturally Smoked Gouda,Naturally Smoked Gouda,che_by_rgn,cheese,NA,"		$10.99/lb",10.99,lb,,,
6848,Reny Picot Selection Camembert,Reny Picot Selection Camembert,che_by_rgn,cheese,(appx. 8oz),"		$6.99/ea",6.99,ea,,,
6849,Shelburne Farms 2-Year Cheddar,Shelburne Farms 2-Year Cheddar,che_by_rgn,cheese,NA,"		$15.99/lb",15.99,lb,,,
6850,Smoked Mozzarella,Smoked Mozzarella,che_by_rgn,cheese,NA,"		$8.19/lb",8.19,lb,,,
6853,Yancey's Fancy XXX-tra Sharp 18-Month Aged NY Cheddar,Yancey's Fancy XXX-tra Sharp 18-Month Aged NY Cheddar,che_by_rgn,cheese,NA,"		$14.99/lb",14.99,lb,,,
6859,Coach Farm Goat Cheese with Wild Pear Marmalade,Coach Farm Goat Cheese with Wild Pear Marmalade,che_by_rgn,cheese,4oz,"		$4.49/ea",4.49,ea,,,
6860,Cypress Grove Chèvre PsycheDillic Goat Milk Cheese,Cypress Grove Chèvre PsycheDillic Goat Milk Cheese,che_by_rgn,cheese,4oz,"		$6.99/ea",6.99,ea,,,
6862,Vermont Creamery Fat-Free Fromage Blanc,Vermont Creamery Fat-Free Fromage Blanc,che_by_rgn,cheese,7oz,"		$3.49/ea",3.49,ea,,,
6863,Vermont Creamery Crème Fraîche,Vermont Creamery Crème Fraîche,che_by_rgn,cheese,8oz,"		$0.00/null",0,null,,,
6868,Cypress Grove Chèvre Sgt. Pepper Goat Milk Cheese,Cypress Grove Chèvre Sgt. Pepper Goat Milk Cheese,che_by_rgn,cheese,4oz," 	$0.00/null $6.99",0,null ,6.99,,
6870,Canadian Cheddar,Canadian Cheddar,che_by_rgn,cheese,NA,"		$12.99/lb",12.99,lb,,,
6871,"Aquaphor Baby Healing Ointment, Advanced Therapy Skin Protectant","Aquaphor Baby Healing Ointment, Advanced Therapy Skin Protectant",bby_new,shop,14oz,"		$14.85/ea($1.06/oz)",14.85,ea(,1.06/oz),,
6872,"Aquaphor Healing Ointment, Advanced Therapy Skin Protectant","Aquaphor Healing Ointment, Advanced Therapy Skin Protectant",bby_new,shop,14oz,"		$14.25/ea($1.02/oz)",14.25,ea(,1.02/oz),,
6873,"Earth's Best Organic Fruit Yogurt Smoothie, 3 Flavor Variety Pack","Earth's Best Organic Fruit Yogurt Smoothie, 3 Flavor Variety Pack",bby_new,shop,"6ct, 4.2oz","		$9.99/ea($6.32/lb)",9.99,ea(,6.32/lb),,
6874,"Plum Organics  Mighty 4 Blend, Kale, Strawberry, Amaranth & Greek Yogurt","Plum Organics  Mighty 4 Blend, Kale, Strawberry, Amaranth & Greek Yogurt",bby_new,shop,4oz,"		$1.69/ea",1.69,ea,,,
6875,"Dannon Danimals Squeezables Lowfat Yogurt, Strawberry Banana Split","Dannon Danimals Squeezables Lowfat Yogurt, Strawberry Banana Split",bby_new,shop,"4ct, 4.4oz ea","		$4.49/ea($1.12/ct)",4.49,ea(,1.12/ct),,
6876,"happyfamily happysqueeze Super Organic Apple, Blueberry & Pomegranate","happyfamily happysqueeze Super Organic Apple, Blueberry & Pomegranate",bby_new,shop,"4ct, 3.17oz ea","		$3.99/ea($5.05/lb)",3.99,ea(,5.05/lb),,
6877,"happyfamily happysqueeze Super Organic Apple, Strawberry & Guava","happyfamily happysqueeze Super Organic Apple, Strawberry & Guava",bby_new,shop,"4ct, 3.17oz ea","		$3.99/ea($5.05/lb)",3.99,ea(,5.05/lb),,
6878,"happyfamily happysqueeze Twist Organic Apple, Beet, Strawberry & Kiwi","happyfamily happysqueeze Twist Organic Apple, Beet, Strawberry & Kiwi",bby_new,shop,"4ct, 3.17oz ea","		$3.99/ea($5.05/lb)",3.99,ea(,5.05/lb),,
6879,"happyfamily happysqueeze Twist Organic Apple, Kale & Mango","happyfamily happysqueeze Twist Organic Apple, Kale & Mango",bby_new,shop,"4ct, 3.17oz ea","		$3.99/ea($5.05/lb)",3.99,ea(,5.05/lb),,
6880,"happyfamily happytot Fiber & Protein, Organic Apple, Peach, Pumpkin & Cinnamon","happyfamily happytot Fiber & Protein, Organic Apple, Peach, Pumpkin & Cinnamon",bby_new,shop,4oz,"		$1.79/ea($7.16/lb)",1.79,ea(,7.16/lb),,
6881,"happyfamily happytot Fiber & Protein, Organic Pear, Kiwi & Kale","happyfamily happytot Fiber & Protein, Organic Pear, Kiwi & Kale",bby_new,shop,4oz,"		$1.79/ea($7.16/lb)",1.79,ea(,7.16/lb),,
6882,"happyfamily happyyogis Organic Greek Yogurt Snacks, Blueberry & Purple Carrot","happyfamily happyyogis Organic Greek Yogurt Snacks, Blueberry & Purple Carrot",bby_new,shop,1oz,"		$3.99/ea($63.84/lb)",3.99,ea(,63.84/lb),,
6883,"happyfamily happyyogis Organic Greek Yogurt Snacks, Strawberry Banana","happyfamily happyyogis Organic Greek Yogurt Snacks, Strawberry Banana",bby_new,shop,1oz,"		$3.99/ea($63.84/lb)",3.99,ea(,63.84/lb),,
6886,FreshDirect Black Forest Ham,FreshDirect Black Forest Ham,del_sale,shop,NA," 	$7.99/lb $9.99Save 20%",7.99,lb ,9.99Save 20%,,
6888,FreshDirect Low Sodium Roasted Turkey,FreshDirect Low Sodium Roasted Turkey,del_sale,shop,NA," 	$9.99/lb $11.99Save 16%",9.99,lb ,11.99Save 16%,,
6890,Boar's Head EverRoast Chicken Breast,Boar's Head EverRoast Chicken Breast,del_sale,shop,NA," 	$8.99/lb $10.99Save 18%",8.99,lb ,10.99Save 18%,,
6906,"Aidells All-Natural Smoked Chicken Sausage, Roasted Garlic & Gruyere Cheese","Aidells All-Natural Smoked Chicken Sausage, Roasted Garlic & Gruyere Cheese",del_sale,shop,12oz," 	$5.09/ea $5.99Any 2 Sausages for $10.00($6.79/lb)Mix'n'Match",5.09,ea ,5.99Any 2 Sausages for 10.00(6.79/lb)Mix'n'Match,10.00(,6.79/lb)Mix'n'Match
6911,"FreshDirect All-Natural Dry-Rubbed Pork Slab Bacon, Raised without Antibiotics","FreshDirect All-Natural Dry-Rubbed Pork Slab Bacon, Raised without Antibiotics",del_sale,shop,NA," 	$10.99/lb $13.99Save 20%",10.99,lb ,13.99Save 20%,,
6931,Olli Salumeria Calabrese Salami,Olli Salumeria Calabrese Salami,del_sale,shop,6oz," 	$7.19/ea $8.99Save 20%($18.92/lb)",7.19,ea ,8.99Save 20%(18.92/lb),18.92/lb),
6932,Olli Salumeria Toscano Salami,Olli Salumeria Toscano Salami,del_sale,shop,6oz," 	$7.19/ea $8.99Save 20%($18.92/lb)",7.19,ea ,8.99Save 20%(18.92/lb),18.92/lb),
6933,Olli Salumeria Wild Boar Salami,Olli Salumeria Wild Boar Salami,del_sale,shop,6oz,"		$12.99/ea($34.18/lb)",12.99,ea(,34.18/lb),,
6940,Olli Salumeria Molisana Salami,Olli Salumeria Molisana Salami,del_sale,shop,6oz," 	$7.19/ea $8.99Save 20%($18.92/lb)",7.19,ea ,8.99Save 20%(18.92/lb),18.92/lb),
6941,Olli Salumeria Napoli Salami,Olli Salumeria Napoli Salami,del_sale,shop,6oz," 	$7.19/ea $8.99Save 20%($18.92/lb)",7.19,ea ,8.99Save 20%(18.92/lb),18.92/lb),
6942,Olli Salumeria Norcino Salami,Olli Salumeria Norcino Salami,del_sale,shop,6oz," 	$7.19/ea $8.99Save 20%($18.92/lb)",7.19,ea ,8.99Save 20%(18.92/lb),18.92/lb),
6947,Tuscan Dairy Farms Half & Half,Tuscan Dairy Farms Half & Half,dai_milk_cream,dairy,1 quart,"		$2.99/ea",2.99,ea,,,
6950,Skim Plus Fat Free Half & Half,Skim Plus Fat Free Half & Half,dai_milk_cream,dairy,1 quart,"		$3.29/ea",3.29,ea,,,
6951,Tuscan Dairy Farms Half & Half,Tuscan Dairy Farms Half & Half,dai_milk_cream,dairy,1 pint,"		$1.99/ea",1.99,ea,,,
6954,Land O'Lakes Fat-Free Half & Half,Land O'Lakes Fat-Free Half & Half,dai_milk_cream,dairy,1 quart,"		$3.89/ea",3.89,ea,,,
6955,Organic Valley Heavy Whipping Cream,Organic Valley Heavy Whipping Cream,dai_milk_cream,dairy,1 pint,"		$3.89/ea",3.89,ea,,,
6956,Tuscan Dairy Farms Heavy Cream,Tuscan Dairy Farms Heavy Cream,dai_milk_cream,dairy,1 pint,"		$3.99/ea",3.99,ea,,,
6958,Coffee-Mate Fat-Free French Vanilla Non-Dairy Creamer,Coffee-Mate Fat-Free French Vanilla Non-Dairy Creamer,dai_milk_cream,dairy,16oz,"		$3.19/ea($3.19/pt)",3.19,ea(,3.19/pt),,
6959,Coffee-Mate Fat-Free Hazelnut Non-Dairy Creamer,Coffee-Mate Fat-Free Hazelnut Non-Dairy Creamer,dai_milk_cream,dairy,32oz,"		$4.99/ea($2.50/pt)",4.99,ea(,2.50/pt),,
6960,Coffee-Mate French Vanilla Non-Dairy Creamer,Coffee-Mate French Vanilla Non-Dairy Creamer,dai_milk_cream,dairy,16oz,"		$3.19/ea($3.19/pt)",3.19,ea(,3.19/pt),,
6963,Coffee-Mate Original Fat-Free Non-Dairy Creamer,Coffee-Mate Original Fat-Free Non-Dairy Creamer,dai_milk_cream,dairy,16oz,"		$3.99/ea($3.99/pt)",3.99,ea(,3.99/pt),,
6964,Coffee-Mate Original Non-Dairy Creamer,Coffee-Mate Original Non-Dairy Creamer,dai_milk_cream,dairy,16oz,"		$3.99/ea($3.99/pt)",3.99,ea(,3.99/pt),,
6965,"International Delight Coffee Creamer, Caramel Macchiato","International Delight Coffee Creamer, Caramel Macchiato",dai_milk_cream,dairy,1 quart,"		$4.19/ea",4.19,ea,,,
6966,"International Delight Coffee Creamer, Hazelnut","International Delight Coffee Creamer, Hazelnut",dai_milk_cream,dairy,1 quart,"		$4.19/ea",4.19,ea,,,
6968,Reddi-Wip Original Light Whipped Topping,Reddi-Wip Original Light Whipped Topping,dai_milk_cream,dairy,7oz,"		$3.19/ea",3.19,ea,,,
6970,Reddi-Wip Fat Free Dairy Whipped Topping,Reddi-Wip Fat Free Dairy Whipped Topping,dai_milk_cream,dairy,6.5oz,"		$3.19/ea($7.78/lb)",3.19,ea(,7.78/lb),,
6971,Vermont Creamery Chèvre,Vermont Creamery Chèvre,fshsft,cheese,4oz,"		$3.49/ea",3.49,ea,,,
6977,Coach Farm Fresh Goat Ricotta,Coach Farm Fresh Goat Ricotta,fshsft,cheese,0.5 lb,"		$8.99/lb",8.99,lb,,,
6993,Windex Glass Spray Cleaner,Windex Glass Spray Cleaner,hhd_sale,shop,26oz," 	$3.39/ea $4.29Save 20%($2.08/pt)",3.39,ea ,4.29Save 20%(2.08/pt),2.08/pt),
6994,"Cloud 9 Flap Tie Tall Kitchen Bags, 13 Gallon","Cloud 9 Flap Tie Tall Kitchen Bags, 13 Gallon",hhd_sale,shop,35ct,"		$5.99/eaSave! 2 for $10.80($0.17/ct)",5.99,eaSave! 2 for ,10.80(0.17/ct),0.17/ct),
6995,"Cloud 9 Reclosable Double Zipper Freezer Bags, 1 Gallon","Cloud 9 Reclosable Double Zipper Freezer Bags, 1 Gallon",hhd_sale,shop,30ct,"		$3.99/eaAny 2 Varieties for $7.20($0.13/ct)Mix'n'Match",3.99,eaAny 2 Varieties for ,7.20(0.13/ct)Mix'n'Match,0.13/ct)Mix'n'Match,
6996,"Cloud 9 Superflex Drawstring Tall Kitchen Bags, 13 Gallon","Cloud 9 Superflex Drawstring Tall Kitchen Bags, 13 Gallon",hhd_sale,shop,38ct,"		$6.99/eaAny 2 Varieties for $12.60($0.18/ct)Mix'n'Match",6.99,eaAny 2 Varieties for ,12.60(0.18/ct)Mix'n'Match,0.18/ct)Mix'n'Match,
6997,Shout Stain Remover Spray,Shout Stain Remover Spray,hhd_sale,shop,22oz," 	$3.19/ea $3.59Save 10%($2.31/pt)",3.19,ea ,3.59Save 10%(2.31/pt),2.31/pt),
6998,Windex Glass Cleaner Liquid Refill,Windex Glass Cleaner Liquid Refill,hhd_sale,shop,67.6oz," 	$4.79/ea $5.99Save 20%($1.13/pt)",4.79,ea ,5.99Save 20%(1.13/pt),1.13/pt),
7003,"Cloud 9 Reclosable Double Zipper Storage Bags, 1 Gallon","Cloud 9 Reclosable Double Zipper Storage Bags, 1 Gallon",hhd_sale,shop,40ct,"		$3.99/eaAny 2 Varieties for $7.20($0.10/ct)Mix'n'Match",3.99,eaAny 2 Varieties for ,7.20(0.10/ct)Mix'n'Match,0.10/ct)Mix'n'Match,
7004,"Cloud 9 Superflex Drawstring Tall Kitchen Bags with Odor Control, 13 Gallon","Cloud 9 Superflex Drawstring Tall Kitchen Bags with Odor Control, 13 Gallon",hhd_sale,shop,34ct,"		$6.99/eaAny 2 Varieties for $12.60($0.21/ct)Mix'n'Match",6.99,eaAny 2 Varieties for ,12.60(0.21/ct)Mix'n'Match,0.21/ct)Mix'n'Match,
7005,Drano Max Gel Professional Maximum Strength,Drano Max Gel Professional Maximum Strength,hhd_sale,shop,32oz," 	$4.79/ea $5.79Save 16%($2.40/pt)",4.79,ea ,5.79Save 16%(2.40/pt),2.40/pt),
7008,Pledge Lemon Furniture Polish,Pledge Lemon Furniture Polish,hhd_sale,shop,9.7oz," 	$4.39/ea $4.99Save 12%($7.20/pt)",4.39,ea ,4.99Save 12%(7.20/pt),7.20/pt),
7009,"Save a Bundle with Charmin Bathroom Tissue, 12 Rolls, & Bounty Paper Towels, 2 Rolls","Save a Bundle with Charmin Bathroom Tissue, 12 Rolls, & Bounty Paper Towels, 2 Rolls",hhd_sale,shop,NA," 	$15.46/ea $17.18Save 10%($15.46/ct)",15.46,ea ,17.18Save 10%(15.46/ct),15.46/ct),
7010,"Save a Bundle with Charmin Bathroom Tissue, 24 Rolls, & Bounty Paper Towels, 8 Rolls","Save a Bundle with Charmin Bathroom Tissue, 24 Rolls, & Bounty Paper Towels, 8 Rolls",hhd_sale,shop,NA," 	$34.18/ea $37.98Save 10%($34.18/ct)",34.18,ea ,37.98Save 10%(34.18/ct),34.18/ct),
7011,Scrubbing Bubbles Fresh Clean Scent Bathroom Cleaner,Scrubbing Bubbles Fresh Clean Scent Bathroom Cleaner,hhd_sale,shop,25oz," 	$3.19/ea $3.79Save 16%($2.04/pt)",3.19,ea ,3.79Save 16%(2.04/pt),2.04/pt),
7012,"Cloud 9 Black Flap Tie Large Trash Bags, 30 Gallon","Cloud 9 Black Flap Tie Large Trash Bags, 30 Gallon",hhd_sale,shop,40ct,"		$7.99/eaSave! 2 for $14.40($0.20/ct)",7.99,eaSave! 2 for ,14.40(0.20/ct),0.20/ct),
7013,Drano Clean Clog Remover,Drano Clean Clog Remover,hhd_sale,shop,32oz," 	$2.89/ea $3.59Save 18%($1.44/pt)",2.89,ea ,3.59Save 18%(1.44/pt),1.44/pt),
7017,"Save a Bundle with Scott Bathroom Tissue, 12 Rolls, & Paper Towels, 8 Rolls","Save a Bundle with Scott Bathroom Tissue, 12 Rolls, & Paper Towels, 8 Rolls",hhd_sale,shop,NA," 	$21.09/ea $23.48Save 10%",21.09,ea ,23.48Save 10%,,
7018,Shout Concentrated Stain Remover Gel,Shout Concentrated Stain Remover Gel,hhd_sale,shop,8.7oz," 	$3.09/ea $3.89Save 20%($5.72/pt)",3.09,ea ,3.89Save 20%(5.72/pt),5.72/pt),
7019,"Tide Liquid Laundry Detergent, Original Scent","Tide Liquid Laundry Detergent, Original Scent",hhd_sale,shop,150oz," 	$19.99/ea $24.99Save 20%($2.13/pt)",19.99,ea ,24.99Save 20%(2.13/pt),2.13/pt),
7020,"Tide Pods Laundry Detergent, Ocean Mist","Tide Pods Laundry Detergent, Ocean Mist",hhd_sale,shop,57ct," 	$15.99/ea $19.99Save 20%($0.28/ct)",15.99,ea ,19.99Save 20%(0.28/ct),0.28/ct),
7021,"Common Good All Purpose Cleaner, Lavender","Common Good All Purpose Cleaner, Lavender",hhd_sale,shop,16floz," 	$5.59/ea $6.99Save 20%($5.59/pt)",5.59,ea ,6.99Save 20%(5.59/pt),5.59/pt),
7022,"Common Good Dish Soap, Bergamot","Common Good Dish Soap, Bergamot",hhd_sale,shop,16floz," 	$5.59/ea $6.99Save 20%($5.59/pt)",5.59,ea ,6.99Save 20%(5.59/pt),5.59/pt),
7023,"Common Good Dish Soap, Lavender","Common Good Dish Soap, Lavender",hhd_sale,shop,16floz," 	$5.59/ea $6.99Save 20%($5.59/pt)",5.59,ea ,6.99Save 20%(5.59/pt),5.59/pt),
7024,"Pledge Furniture Spray, Orange Clean","Pledge Furniture Spray, Orange Clean",hhd_sale,shop,9.7oz," 	$4.39/ea $5.49Save 20%($7.20/pt)",4.39,ea ,5.49Save 20%(7.20/pt),7.20/pt),
7025,"Pledge Wipes, Lemon","Pledge Wipes, Lemon",hhd_sale,shop,24ct," 	$4.39/ea $5.49Save 20%($0.18/ct)",4.39,ea ,5.49Save 20%(0.18/ct),0.18/ct),
7026,"Save a Bundle with Bounty Paper Towels, 2 Rolls, & Cascade Dishwasher Detergent, 20ct","Save a Bundle with Bounty Paper Towels, 2 Rolls, & Cascade Dishwasher Detergent, 20ct",hhd_sale,shop,NA," 	$10.96/ea $12.18Save 10%($10.96/ct)",10.96,ea ,12.18Save 10%(10.96/ct),10.96/ct),
7027,"Save a Bundle with Bounty Paper Towels, 8 Rolls, & Cascade Dishwasher Detergent, 48ct","Save a Bundle with Bounty Paper Towels, 8 Rolls, & Cascade Dishwasher Detergent, 48ct",hhd_sale,shop,NA," 	$28.78/ea $31.98Save 10%($28.78/ct)",28.78,ea ,31.98Save 10%(28.78/ct),28.78/ct),
7028,"Save a Bundle with Cottonelle Bathroom Tissue, 12 Rolls, & Cleansing Cloths, 42ct","Save a Bundle with Cottonelle Bathroom Tissue, 12 Rolls, & Cleansing Cloths, 42ct",hhd_sale,shop,NA," 	$13.75/ea $15.28Save 10%",13.75,ea ,15.28Save 10%,,
7029,"Save a Bundle with Cottonelle Bathroom Tissue, 12 Rolls, & Viva Paper Towels, 8 Rolls","Save a Bundle with Cottonelle Bathroom Tissue, 12 Rolls, & Viva Paper Towels, 8 Rolls",hhd_sale,shop,NA," 	$25.19/ea $27.98Save 10%",25.19,ea ,27.98Save 10%,,
7030,"Save a Bundle with Cottonelle Bathroom Tissue, 24 Rolls, & Cleansing Cloths Refills, 168ct ","Save a Bundle with Cottonelle Bathroom Tissue, 24 Rolls, & Cleansing Cloths Refills, 168ct ",hhd_sale,shop,NA," 	$29.69/ea $32.98Save 10%",29.69,ea ,32.98Save 10%,,
7031,"Save a Bundle with Kleenex Facial Tissues, 4-Pack, & Hand Towels, 60ct","Save a Bundle with Kleenex Facial Tissues, 4-Pack, & Hand Towels, 60ct",hhd_sale,shop,NA," 	$13.49/ea $14.98Save 10%",13.49,ea ,14.98Save 10%,,
7032,Save a Bundle with Tide Detergent 150oz & Downy Fabric Softener 90oz,Save a Bundle with Tide Detergent 150oz & Downy Fabric Softener 90oz,hhd_sale,shop,NA," 	$30.59/ea $33.98Save 10%($30.59/ct)",30.59,ea ,33.98Save 10%(30.59/ct),30.59/ct),
7033,Save a Bundle with Tide Detergent 50oz & Downy Fabric Softener 34oz,Save a Bundle with Tide Detergent 50oz & Downy Fabric Softener 34oz,hhd_sale,shop,NA," 	$13.49/ea $14.98Save 10%($13.49/ct)",13.49,ea ,14.98Save 10%(13.49/ct),13.49/ct),
7034,Scrubbing Bubbles Mega Shower Foamer,Scrubbing Bubbles Mega Shower Foamer,hhd_sale,shop,20oz," 	$4.47/ea $5.59Save 20%($3.58/pt)",4.47,ea ,5.59Save 20%(3.58/pt),3.58/pt),
7035,"Seventh Generation Natural Baby Laundry Detergent, Ultra Concentrated 4x","Seventh Generation Natural Baby Laundry Detergent, Ultra Concentrated 4x",hhd_sale,shop,32oz," 	$9.34/ea $10.99Save! 2 for $17.58($4.67/pt)",9.34,ea ,10.99Save! 2 for 17.58(4.67/pt),17.58(,4.67/pt)
7036,Shout Laundry Color Catcher In-Wash Sheets,Shout Laundry Color Catcher In-Wash Sheets,hhd_sale,shop,24 sheets," 	$3.99/ea $4.99Save 20%($0.17/ct)",3.99,ea ,4.99Save 20%(0.17/ct),0.17/ct),
7037,"Shout Triple-Acting Laundry Stain Remover, Economy Refill","Shout Triple-Acting Laundry Stain Remover, Economy Refill",hhd_sale,shop,60oz," 	$5.59/ea $6.99Save 20%($1.49/pt)",5.59,ea ,6.99Save 20%(1.49/pt),1.49/pt),
7038,"Swiffer Steamboost Steam Pad Refills, Open Window Fresh Scent","Swiffer Steamboost Steam Pad Refills, Open Window Fresh Scent",hhd_sale,shop,20ct," 	$8.79/ea $10.99Save 20%($0.44/ct)",8.79,ea ,10.99Save 20%(0.44/ct),0.44/ct),
7039,"Windex Antibacterial Bathroom Multi-Surface Touch-Up Cleaner, Fresh Scent","Windex Antibacterial Bathroom Multi-Surface Touch-Up Cleaner, Fresh Scent",hhd_sale,shop,"10oz, 240 dispenses"," 	$3.99/ea $4.99Save 20%($6.33/pt)",3.99,ea ,4.99Save 20%(6.33/pt),6.33/pt),
7040,Windex Multi-Surface Antibacterial Spray,Windex Multi-Surface Antibacterial Spray,hhd_sale,shop,26oz," 	$3.39/ea $4.29Save 20%($2.08/pt)",3.39,ea ,4.29Save 20%(2.08/pt),2.08/pt),
7041,"Windex Multi-Surface Spray, Vinegar","Windex Multi-Surface Spray, Vinegar",hhd_sale,shop,26oz," 	$3.39/ea $4.29Save 20%($2.08/pt)",3.39,ea ,4.29Save 20%(2.08/pt),2.08/pt),
7042,Yehuda Yahrzeit Memorial Candle (burns 26 hours),Yehuda Yahrzeit Memorial Candle (burns 26 hours),hhd_sale,shop,NA," 	$0.89/ea $0.99Save 10%($0.01/ct)",0.89,ea ,0.99Save 10%(0.01/ct),0.01/ct),
7048,FreshDirect Carrot Chia with Spicy Beets & Sunflower Seed Crunch,FreshDirect Carrot Chia with Spicy Beets & Sunflower Seed Crunch,dai_new,shop,6oz,"		$3.99/eaAny 2 Yogurt & Chia Parfaits for $7.00($10.64/lb)Mix'n'Match",3.99,eaAny 2 Yogurt & Chia Parfaits for ,7.00(10.64/lb)Mix'n'Match,10.64/lb)Mix'n'Match,
7049,FreshDirect Goat Milk Yogurt with Strawberry Jam & Olive Oil,FreshDirect Goat Milk Yogurt with Strawberry Jam & Olive Oil,dai_new,shop,6oz,"		$3.99/eaAny 2 Yogurt & Chia Parfaits for $7.00($10.64/lb)Mix'n'Match",3.99,eaAny 2 Yogurt & Chia Parfaits for ,7.00(10.64/lb)Mix'n'Match,10.64/lb)Mix'n'Match,
7050,FreshDirect Green Tea Nonfat Greek Yogurt & Ginger-Hazelnut Crunch,FreshDirect Green Tea Nonfat Greek Yogurt & Ginger-Hazelnut Crunch,dai_new,shop,6oz,"		$3.99/eaAny 2 Yogurt & Chia Parfaits for $7.00($10.64/lb)Mix'n'Match",3.99,eaAny 2 Yogurt & Chia Parfaits for ,7.00(10.64/lb)Mix'n'Match,10.64/lb)Mix'n'Match,
7051,FreshDirect Guava Nonfat Greek Yogurt & Salted Peanut Crunch,FreshDirect Guava Nonfat Greek Yogurt & Salted Peanut Crunch,dai_new,shop,6oz,"		$3.99/eaAny 2 Yogurt & Chia Parfaits for $7.00($10.64/lb)Mix'n'Match",3.99,eaAny 2 Yogurt & Chia Parfaits for ,7.00(10.64/lb)Mix'n'Match,10.64/lb)Mix'n'Match,
7052,FreshDirect Honey Greek Yogurt & Granola,FreshDirect Honey Greek Yogurt & Granola,dai_new,shop,6oz,"		$3.99/eaAny 2 Yogurt & Chia Parfaits for $7.00($10.64/lb)Mix'n'Match",3.99,eaAny 2 Yogurt & Chia Parfaits for ,7.00(10.64/lb)Mix'n'Match,10.64/lb)Mix'n'Match,
7059,"Dannon Oikos Triple Zero Greek Nonfat Yogurt, Banana Crème","Dannon Oikos Triple Zero Greek Nonfat Yogurt, Banana Crème",dai_new,shop,5.3oz,"		$1.19/ea($3.59/lb)",1.19,ea(,3.59/lb),,
7060,"Dannon Oikos Triple Zero Greek Nonfat Yogurt, Mixed Berry","Dannon Oikos Triple Zero Greek Nonfat Yogurt, Mixed Berry",dai_new,shop,5.3oz,"		$1.19/ea($3.59/lb)",1.19,ea(,3.59/lb),,
7061,"Dannon Oikos Triple Zero Greek Nonfat Yogurt, Strawberry","Dannon Oikos Triple Zero Greek Nonfat Yogurt, Strawberry",dai_new,shop,5.3oz,"		$1.19/ea($3.59/lb)",1.19,ea(,3.59/lb),,
7062,"Dannon Oikos Triple Zero Greek Nonfat Yogurt, Vanilla","Dannon Oikos Triple Zero Greek Nonfat Yogurt, Vanilla",dai_new,shop,5.3oz,"		$1.19/ea($3.59/lb)",1.19,ea(,3.59/lb),,
7063,"Dannon Oikos Triple Zero Greek Nonfat Yogurt, Vanilla","Dannon Oikos Triple Zero Greek Nonfat Yogurt, Vanilla",dai_new,shop,32oz,"		$5.49/ea($2.74/lb)",5.49,ea(,2.74/lb),,
7073,Matzo Ball Soup,Matzo Ball Soup,hmrsoup,meals,"16oz, 2 matzo balls","		$4.99/16oz($4.99/lb)",4.99,16oz(,4.99/lb),,
7074,New England Clam Chowder,New England Clam Chowder,hmrsoup,meals,pint (16 fl oz),"		$4.99/ea($4.99/lb)",4.99,ea(,4.99/lb),,
7075,Turkey (Raised Without Antibiotics) Chili with Beans ,Turkey (Raised Without Antibiotics) Chili with Beans ,hmrsoup,meals,16oz,"		$6.49/ea($6.49/lb)",6.49,ea(,6.49/lb),,
7078,Chicken Noodle Soup,Chicken Noodle Soup,hmrsoup,meals,32oz,"		$9.99/ea($5.00/lb)",9.99,ea(,5.00/lb),,
7084,Matzo Ball Soup,Matzo Ball Soup,hmrsoup,meals,"32oz, 3 matzo balls","		$8.99/32oz($4.50/lb)",8.99,32oz(,4.50/lb),,
7089,Vegetarian Split Pea Soup,Vegetarian Split Pea Soup,hmrsoup,meals,32oz,"		$8.99/ea($4.50/lb)",8.99,ea(,4.50/lb),,
7090,FreshDirect Chicken Tortilla Soup,FreshDirect Chicken Tortilla Soup,hmrsoup,meals,32oz,"		$8.99/ea($4.50/lb)",8.99,ea(,4.50/lb),,
7091,FreshDirect Lentil Soup,FreshDirect Lentil Soup,hmrsoup,meals,32oz,"		$8.99/ea($4.50/lb)",8.99,ea(,4.50/lb),,
7092,"Tío Gazpacho Chilled Vegetable Soup, Organic Gazpacho De Sol","Tío Gazpacho Chilled Vegetable Soup, Organic Gazpacho De Sol",hmrsoup,meals,12oz,"		$8.99/eaAny 2 Organic Gazpacho for $15.00($11.99/lb)Mix'n'Match",8.99,eaAny 2 Organic Gazpacho for ,15.00(11.99/lb)Mix'n'Match,11.99/lb)Mix'n'Match,
7093,"Tío Gazpacho Chilled Vegetable Soup, Organic Gazpacho Verde","Tío Gazpacho Chilled Vegetable Soup, Organic Gazpacho Verde",hmrsoup,meals,12oz,"		$8.99/eaAny 2 Organic Gazpacho for $15.00($11.99/lb)Mix'n'Match",8.99,eaAny 2 Organic Gazpacho for ,15.00(11.99/lb)Mix'n'Match,11.99/lb)Mix'n'Match,
7094,"Tío Gazpacho Chilled Vegetable Soup, Organic Gazpacho Clásico","Tío Gazpacho Chilled Vegetable Soup, Organic Gazpacho Clásico",hmrsoup,meals,12oz,"		$0.00/nullAny 2 Organic Gazpacho for $15.00($0.00/lb)Mix'n'Match",0,nullAny 2 Organic Gazpacho for ,15.00(0.00/lb)Mix'n'Match,0.00/lb)Mix'n'Match,
7097,Red Seedless Grapes,Red Seedless Grapes,fru_top_rated,shop,NA,"		$3.99/lb",3.99,lb,,,
7104,Driscoll's Strawberries,Driscoll's Strawberries,fru_top_rated,shop,2lb,"		$7.99/2lb pkg",7.99,2lb pkg,,,
7105,Dulcinea PureHeart Baby Seedless Watermelon,Dulcinea PureHeart Baby Seedless Watermelon,fru_top_rated,shop,3lb,"		$5.99/ea",5.99,ea,,,
7121,"Alouette Crème de Brie Spreadable Cheese, No Rind","Alouette Crème de Brie Spreadable Cheese, No Rind",briefriend,cheese,5oz,"		$4.49/ea($14.48/lb)",4.49,ea(,14.48/lb),,
7126,Les Petites Fermieres Brie Cheese,Les Petites Fermieres Brie Cheese,briefriend,cheese,7oz,"		$7.59/ea",7.59,ea,,,
7127,Old Chatham Nancy's Hudson Valley Camembert Wedge,Old Chatham Nancy's Hudson Valley Camembert Wedge,briefriend,cheese,4oz,"		$7.99/ea",7.99,ea,,,
7138,Gabila's  Fried Potato Knish,Gabila's  Fried Potato Knish,knpi,deli,NA,"		$1.49/ea",1.49,ea,,,
7139,Gabila's  Kasha Knish,Gabila's  Kasha Knish,knpi,deli,NA,"		$2.19/ea",2.19,ea,,,
7140,Gabila's  Traditional Potato Knish,Gabila's  Traditional Potato Knish,knpi,deli,NA,"		$2.19/ea",2.19,ea,,,
7141,Gabila's  Broccoli Knish,Gabila's  Broccoli Knish,knpi,deli,NA,"		$2.19/ea",2.19,ea,,,
7142,Gabila's  Cocktail Potato Knish,Gabila's  Cocktail Potato Knish,knpi,deli,12 pack,"		$5.99/ea",5.99,ea,,,
7143,Gabila's  Spinach Knish,Gabila's  Spinach Knish,knpi,deli,NA,"		$2.19/ea",2.19,ea,,,
7144,"Freshpet Dog Joy Refrigerated Treats, Turkey Bacon For Dogs","Freshpet Dog Joy Refrigerated Treats, Turkey Bacon For Dogs",pet_new,shop,3oz," 	$3.59/ea $4.49Save 20%($19.15/lb)",3.59,ea ,4.49Save 20%(19.15/lb),19.15/lb),
7145,"Greenies Dog Dental Treat, Regular","Greenies Dog Dental Treat, Regular",pet_new,shop,36ct,"		$44.99/ea($20.00/lb)",44.99,ea(,20.00/lb),,
7146,"Greenies Dog Dental Treat, Teenie","Greenies Dog Dental Treat, Teenie",pet_new,shop,130ct,"		$44.99/ea($20.00/lb)",44.99,ea(,20.00/lb),,
7147,"Greenies Dog Pill Pockets, Hickory Smoke Flavor","Greenies Dog Pill Pockets, Hickory Smoke Flavor",pet_new,shop,30ct,"		$9.99/ea($20.23/lb)",9.99,ea(,20.23/lb),,
7155,Boar's Head Ovengold Turkey Breast,Boar's Head Ovengold Turkey Breast,cccm,deli,28oz,"		$11.99/lb",11.99,lb,,,
7157,Applegate Farms Oven Roasted Turkey Breast,Applegate Farms Oven Roasted Turkey Breast,cccm,deli,NA,"		$11.99/lb",11.99,lb,,,
7162,Boar's Head Lower Sodium Turkey Breast,Boar's Head Lower Sodium Turkey Breast,cccm,deli,NA,"		$11.99/lb",11.99,lb,,,
7165,Boar's Head Blackened Oven-Roasted Turkey Breast,Boar's Head Blackened Oven-Roasted Turkey Breast,cccm,deli,NA,"		$11.99/lb",11.99,lb,,,
7166,"FreshDirect All-Natural Oven-Roasted Turkey Breast, Raised Without Antibiotics","FreshDirect All-Natural Oven-Roasted Turkey Breast, Raised Without Antibiotics",cccm,deli,NA,"		$0.00/null",0,null,,,
7167,"FreshDirect All Natural Turkey Slab Bacon, Antibiotic-Free","FreshDirect All Natural Turkey Slab Bacon, Antibiotic-Free",cccm,deli,NA,"		$11.99/lb",11.99,lb,,,
7168,"FreshDirect All-Natural Roasted Turkey Breast, Raised Without Antibiotics (No Salt Added)","FreshDirect All-Natural Roasted Turkey Breast, Raised Without Antibiotics (No Salt Added)",cccm,deli,24oz,"		$0.00/null",0,null,,,
7170,Boar's Head Maple Honey Turkey Breast,Boar's Head Maple Honey Turkey Breast,cccm,deli,NA,"		$11.99/lb",11.99,lb,,,
7171,Applegate Farms Honey & Maple Turkey Breast,Applegate Farms Honey & Maple Turkey Breast,cccm,deli,NA,"		$12.99/lb",12.99,lb,,,
7178,Boar's Head Cracked Pepper Mill Turkey Breast,Boar's Head Cracked Pepper Mill Turkey Breast,cccm,deli,NA,"		$11.99/lb",11.99,lb,,,
7179,Applegate Farms Turkey Pastrami,Applegate Farms Turkey Pastrami,cccm,deli,NA,"		$12.99/lb",12.99,lb,,,
7180,Applegate Farms Smoked Turkey Breast w/ Cracked Pepper,Applegate Farms Smoked Turkey Breast w/ Cracked Pepper,cccm,deli,NA,"		$12.99/lb",12.99,lb,,,
7181,Boar's Head Salsalito Turkey,Boar's Head Salsalito Turkey,cccm,deli,NA,"		$11.99/lb",11.99,lb,,,
7182,Boar's Head Spicy Jerk Turkey Breast,Boar's Head Spicy Jerk Turkey Breast,cccm,deli,NA,"		$11.99/lb",11.99,lb,,,
7183,FreshDirect Premium Lite Buffalo Turkey,FreshDirect Premium Lite Buffalo Turkey,cccm,deli,NA,"		$10.99/lb",10.99,lb,,,
7184,FreshDirect Smoked Pepper Turkey,FreshDirect Smoked Pepper Turkey,cccm,deli,NA,"		$0.00/null",0,null,,,
7185,FreshDirect Whole Turkey Breast Pastrami,FreshDirect Whole Turkey Breast Pastrami,cccm,deli,NA,"		$0.00/null",0,null,,,
7187,Applegate Farms Smoked Turkey Breast,Applegate Farms Smoked Turkey Breast,cccm,deli,NA,"		$12.99/lb",12.99,lb,,,
7188,Boar's Head Mesquite Smoked Turkey Breast,Boar's Head Mesquite Smoked Turkey Breast,cccm,deli,NA,"		$11.99/lb",11.99,lb,,,
7195,FreshDirect Roast Beef,FreshDirect Roast Beef,cccm,deli,28oz,"		$13.99/lb",13.99,lb,,,
7197,Boar's Head Deluxe Roast Beef,Boar's Head Deluxe Roast Beef,cccm,deli,NA,"		$14.99/lb",14.99,lb,,,
7198,Beretta Bresaola,Beretta Bresaola,cccm,deli,NA,"		$21.99/lb",21.99,lb,,,
7199,Hebrew National Corned Beef (Ready-to-Eat),Hebrew National Corned Beef (Ready-to-Eat),cccm,deli,28oz,"		$19.99/lb",19.99,lb,,,
7201,Nations Best First Cut Cooked Pastrami,Nations Best First Cut Cooked Pastrami,cccm,deli,NA,"		$14.99/lb",14.99,lb,,,
7202,Nations Best First-Cut Cooked Corned Beef,Nations Best First-Cut Cooked Corned Beef,cccm,deli,NA,"		$14.99/lb",14.99,lb,,,
7203,Charlie's Pride Kobe-Style Roast Beef,Charlie's Pride Kobe-Style Roast Beef,cccm,deli,28oz,"		$0.00/null",0,null,,,
7206,FreshDirect Roasted Chicken,FreshDirect Roasted Chicken,cccm,deli,28oz,"		$9.99/lb",9.99,lb,,,
7208,Boar's Head Golden Classic Chicken Breast (Reduced Sodium),Boar's Head Golden Classic Chicken Breast (Reduced Sodium),cccm,deli,NA,"		$10.99/lb",10.99,lb,,,
7209,Applegate Naturals Sliced Roasted Chicken Breast,Applegate Naturals Sliced Roasted Chicken Breast,cccm,deli,NA,"		$11.99/lb",11.99,lb,,,
7210,Boar's Head Blazing Buffalo Chicken Breast,Boar's Head Blazing Buffalo Chicken Breast,cccm,deli,NA,"		$10.99/lb",10.99,lb,,,
7211,Boar's Head Savory Chipotle Chicken Breast,Boar's Head Savory Chipotle Chicken Breast,cccm,deli,NA,"		$10.99/lb",10.99,lb,,,
7212,FreshDirect Buffalo Chicken,FreshDirect Buffalo Chicken,cccm,deli,28oz,"		$9.99/lb",9.99,lb,,,
7214,Boar's Head Lower Sodium Deluxe Ham,Boar's Head Lower Sodium Deluxe Ham,cccm,deli,NA,"		$10.99/lb",10.99,lb,,,
7215,Boar's Head Branded Deluxe Ham,Boar's Head Branded Deluxe Ham,cccm,deli,NA,"		$11.99/lb",11.99,lb,,,
7216,FreshDirect Cooked Off the Bone Ham,FreshDirect Cooked Off the Bone Ham,cccm,deli,NA,"		$10.99/lb",10.99,lb,,,
7218,Beretta Parmacotto Imported Ham,Beretta Parmacotto Imported Ham,cccm,deli,NA,"		$11.99/lb",11.99,lb,,,
7219,Taylor Pork Roll,Taylor Pork Roll,cccm,deli,NA,"		$11.99/lb",11.99,lb,,,
7220,Citterio Hot Cooked Capocollo Ham,Citterio Hot Cooked Capocollo Ham,cccm,deli,NA,"		$8.99/lb",8.99,lb,,,
7221,"FreshDirect Virginia Ham, Raised Without Antibiotics","FreshDirect Virginia Ham, Raised Without Antibiotics",cccm,deli,NA,"		$10.99/lb",10.99,lb,,,
7222,Schaller & Weber French Bistro Ham,Schaller & Weber French Bistro Ham,cccm,deli,NA," 	$0.00/null $11.99",0,null ,11.99,,
7223,Boar's Head Maple Glazed Honey Coat Ham,Boar's Head Maple Glazed Honey Coat Ham,cccm,deli,NA,"		$11.99/lb",11.99,lb,,,
7224,FreshDirect Maple Ham,FreshDirect Maple Ham,cccm,deli,NA,"		$9.99/lb",9.99,lb,,,
7225,"Applegate Farms Coated Virginia Brand Ham, No Antibiotics Used","Applegate Farms Coated Virginia Brand Ham, No Antibiotics Used",cccm,deli,NA,"		$11.99/lb",11.99,lb,,,
7226,FreshDirect Rosemary Ham,FreshDirect Rosemary Ham,cccm,deli,NA,"		$10.99/lb",10.99,lb,,,
7229,FreshDirect Smoked Off the Bone Ham,FreshDirect Smoked Off the Bone Ham,cccm,deli,NA,"		$10.99/lb",10.99,lb,,,
7230,Boar's Head Sweet Slice Ham,Boar's Head Sweet Slice Ham,cccm,deli,NA,"		$11.99/lb",11.99,lb,,,
7231,Applegate Naturals Black Forest Ham,Applegate Naturals Black Forest Ham,cccm,deli,NA,"		$11.99/lb",11.99,lb,,,
7232,Schaller & Weber Bauernschinken (Farmers Ham),Schaller & Weber Bauernschinken (Farmers Ham),cccm,deli,NA,"		$16.99/lb",16.99,lb,,,
7233,"Schaller & Weber Kasseler Rippchen (Ready To Eat Cured, Smoked & Cooked Pork Loin Chop)","Schaller & Weber Kasseler Rippchen (Ready To Eat Cured, Smoked & Cooked Pork Loin Chop)",cccm,deli,NA,"		$9.99/lb",9.99,lb,,,
7234,"Boar's Head Genoa Salami, Sliced","Boar's Head Genoa Salami, Sliced",cccm,deli,NA,"		$11.99/lb",11.99,lb,,,
7235,Citterio Genoa Salami,Citterio Genoa Salami,cccm,deli,NA,"		$6.99/lb",6.99,lb,,,
7236,Citterio Hard Salami,Citterio Hard Salami,cccm,deli,NA,"		$7.99/lb",7.99,lb,,,
7238,"Beretta Genoa Salami, Sliced","Beretta Genoa Salami, Sliced",cccm,deli,NA,"		$9.99/lb",9.99,lb,,,
7239,"Beretta Milano Hard Salami, Sliced","Beretta Milano Hard Salami, Sliced",cccm,deli,NA,"		$12.99/lb",12.99,lb,,,
7240,Applegate Naturals Sliced Genoa Salami,Applegate Naturals Sliced Genoa Salami,cccm,deli,NA,"		$16.99/lb",16.99,lb,,,
7241,"Beretta Sopressata Sweet Sausage, Sliced (1.5-Inch Wide)","Beretta Sopressata Sweet Sausage, Sliced (1.5-Inch Wide)",cccm,deli,NA,"		$14.99/lb",14.99,lb,,,
7242,"Beretta Sweet Sopressata, Sliced (2.5-Inch Wide)","Beretta Sweet Sopressata, Sliced (2.5-Inch Wide)",cccm,deli,NA,"		$14.99/lb",14.99,lb,,,
7243,Citterio Hot Sopressata,Citterio Hot Sopressata,cccm,deli,NA,"		$11.99/lb",11.99,lb,,,
7244,"Molinari and Sons Sopressata Salame, Sliced","Molinari and Sons Sopressata Salame, Sliced",cccm,deli,NA,"		$15.99/lb",15.99,lb,,,
7247,"Schaller & Weber Peppercoated Cervelat, Sliced","Schaller & Weber Peppercoated Cervelat, Sliced",cccm,deli,NA,"		$16.99/lb",16.99,lb,,,
7248,"Molinari and Sons Toscano Dry Salame, Sliced","Molinari and Sons Toscano Dry Salame, Sliced",cccm,deli,NA,"		$14.99/lb",14.99,lb,,,
7249,Citterio Sandwich Pepperoni,Citterio Sandwich Pepperoni,cccm,deli,34oz,"		$8.99/lb",8.99,lb,,,
7251,Applegate Naturals Sliced Pepperoni,Applegate Naturals Sliced Pepperoni,cccm,deli,NA,"		$12.99/lb",12.99,lb,,,
7252,D'Artagnan Saucisson Sec,D'Artagnan Saucisson Sec,cccm,deli,9oz.,"		$7.99/ea",7.99,ea,,,
7253,"Coach Farm Goat, Ewephoria Gouda & Olli Chorizo Board","Coach Farm Goat, Ewephoria Gouda & Olli Chorizo Board",cccm,deli,"Serves 3-4, approx 1lb","		$19.99/ea",19.99,ea,,,
7257,Palacios Autentico Chorizo Espanol Original,Palacios Autentico Chorizo Espanol Original,cccm,deli,9.5 oz (272g),"		$7.99/ea",7.99,ea,,,
7258,Schaller & Weber Landjaeger,Schaller & Weber Landjaeger,cccm,deli,6oz,"		$5.99/pair",5.99,pair,,,
7260,Beretta Fennel Salami,Beretta Fennel Salami,cccm,deli,8oz,"		$8.99/ea($17.98/lb)",8.99,ea(,17.98/lb),,
7261,Beretta Piccante Salami,Beretta Piccante Salami,cccm,deli,8oz,"		$8.99/ea($17.98/lb)",8.99,ea(,17.98/lb),,
7262,Olli Salumeria Chorizo Salami,Olli Salumeria Chorizo Salami,cccm,deli,6oz,"		$8.99/ea($23.66/lb)",8.99,ea(,23.66/lb),,
7267,Beretta Sopressata Sweet,Beretta Sopressata Sweet,cccm,deli,NA,"		$0.00/null",0,null,,,
7268,Citterio Domestic Prosciutto,Citterio Domestic Prosciutto,cccm,deli,34oz,"		$17.99/lb",17.99,lb,,,
7270,Brendolan Prosciutto San Daniele,Brendolan Prosciutto San Daniele,cccm,deli,NA,"		$29.99/lb",29.99,lb,,,
7271,Citterio Prosciutto di Parma,Citterio Prosciutto di Parma,cccm,deli,NA,"		$26.99/lb",26.99,lb,,,
7273,Leoncini Prosciutto di Parma,Leoncini Prosciutto di Parma,cccm,deli,NA,"		$24.99/lb",24.99,lb,,,
7274,"Soprano Galloni Prosciutto, 24-Month Aged","Soprano Galloni Prosciutto, 24-Month Aged",cccm,deli,NA,"		$31.99/lb",31.99,lb,,,
7275,Jamon Iberico Puro de Bellota ,Jamon Iberico Puro de Bellota ,cccm,deli,NA,"		$79.99/lb",79.99,lb,,,
7276,Olli Salumeria Berkshire Prosciutto,Olli Salumeria Berkshire Prosciutto,cccm,deli,NA,"		$36.99/lb",36.99,lb,,,
7277,Paleta Iberica de Pura Bellota,Paleta Iberica de Pura Bellota,cccm,deli,NA,"		$59.99/lb",59.99,lb,,,
7278,Beretta Hot Coppa,Beretta Hot Coppa,cccm,deli,NA,"		$13.99/lb",13.99,lb,,,
7279,Beretta Pancetta,Beretta Pancetta,cccm,deli,NA,"		$13.99/lb",13.99,lb,,,
7280,"Citterio Premium Pancetta, Cut to Order","Citterio Premium Pancetta, Cut to Order",cccm,deli,NA,"		$11.99/lb",11.99,lb,,,
7281,Recla Alto Adige Speck (Dry-Cured Smoked Italian Ham),Recla Alto Adige Speck (Dry-Cured Smoked Italian Ham),cccm,deli,NA,"		$19.99/lb",19.99,lb,,,
7282,Redondo Iglesias Serrano Ham,Redondo Iglesias Serrano Ham,cccm,deli,NA,"		$23.99/lb",23.99,lb,,,
7284,Olli Salumeria Pancetta,Olli Salumeria Pancetta,cccm,deli,NA,"		$21.99/lb",21.99,lb,,,
7285,Boar's Head Bologna,Boar's Head Bologna,cccm,deli,NA,"		$7.99/lb",7.99,lb,,,
7286,Applegate Farms Uncured Turkey Bologna,Applegate Farms Uncured Turkey Bologna,cccm,deli,NA,"		$8.99/lb",8.99,lb,,,
7287,Hebrew National Beef Bologna,Hebrew National Beef Bologna,cccm,deli,NA,"		$12.99/lb",12.99,lb,,,
7288,Karl Ehmer Bologna,Karl Ehmer Bologna,cccm,deli,NA,"		$6.99/lb",6.99,lb,,,
7289,Karl Ehmer Liverwurst,Karl Ehmer Liverwurst,cccm,deli,NA,"		$6.99/lb",6.99,lb,,,
7290,Beretta Mortadella,Beretta Mortadella,cccm,deli,NA,"		$6.99/lb",6.99,lb,,,
7291,Citterio Riserva Mortadella,Citterio Riserva Mortadella,cccm,deli,NA,"		$5.99/lb",5.99,lb,,,
7294,Hebrew National Beef Pastrami,Hebrew National Beef Pastrami,cccm,deli,28oz,"		$18.99/lb",18.99,lb,,,
7311,Oscar Mayer Lower Sodium Bacon,Oscar Mayer Lower Sodium Bacon,cccm,deli,16oz,"		$6.59/ea($6.59/lb)",6.59,ea(,6.59/lb),,
7348,Black Seedless Grapes,Black Seedless Grapes,che_partners,cheese,NA,"		$3.99/lb",3.99,lb,,,
7358,Forelle Pears,Forelle Pears,che_partners,cheese,NA,"		$2.99/lb",2.99,lb,,,
7383,Valley Produce Company Cracked Black Pepper Crackerthins,Valley Produce Company Cracked Black Pepper Crackerthins,che_partners,cheese,5.3oz,"		$4.99/ea($15.12/lb)",4.99,ea(,15.12/lb),,
7384,Valley Produce Company Crackerthins,Valley Produce Company Crackerthins,che_partners,cheese,5.3oz,"		$4.99/ea($15.12/lb)",4.99,ea(,15.12/lb),,
7385,Valley Produce Company Parmesan Cheese Crackerthins,Valley Produce Company Parmesan Cheese Crackerthins,che_partners,cheese,5.3oz,"		$4.99/ea($15.12/lb)",4.99,ea(,15.12/lb),,
7386,"Valley Produce Company Potato, Cheese & Chive Crackerthins","Valley Produce Company Potato, Cheese & Chive Crackerthins",che_partners,cheese,5.3oz,"		$4.99/ea($15.12/lb)",4.99,ea(,15.12/lb),,
7390,Fresh Ground Pork,Fresh Ground Pork,pas_meat,pasta,NA,"		$3.99/lb",3.99,lb,,,
7391,Citterio Cubetti Pancetta,Citterio Cubetti Pancetta,pas_meat,pasta,4oz,"		$4.49/ea($17.96/lb)",4.49,ea(,17.96/lb),,
7395,FreshDirect Fresh Sweet Italian Pork Sausage,FreshDirect Fresh Sweet Italian Pork Sausage,pas_meat,pasta,(5 links per package),"		$5.99/lb",5.99,lb,,,
7401,FreshDirect Fresh Chicken Sausage with Feta Cheese & Sun-Dried Tomatoes,FreshDirect Fresh Chicken Sausage with Feta Cheese & Sun-Dried Tomatoes,pas_meat,pasta,(7 links per package),"		$5.99/lb",5.99,lb,,,
7402,FreshDirect Fresh Hot Italian Pork Sausage,FreshDirect Fresh Hot Italian Pork Sausage,pas_meat,pasta,(5 links per package),"		$5.99/lb",5.99,lb,,,
7403,FreshDirect Fresh Parsley & Provolone Pork Sausage,FreshDirect Fresh Parsley & Provolone Pork Sausage,pas_meat,pasta,(1 roll per package),"		$5.99/lb",5.99,lb,,,
7408,FreshDirect Fresh Broccoli Rabe Pork Sausage,FreshDirect Fresh Broccoli Rabe Pork Sausage,pas_meat,pasta,5 links per package,"		$5.99/lb",5.99,lb,,,
7409,FreshDirect Fresh Pepper & Onion Pork Sausage,FreshDirect Fresh Pepper & Onion Pork Sausage,pas_meat,pasta,(5 links per package),"		$5.99/lb",5.99,lb,,,
7420,Papple Pear,Papple Pear,fru_new,shop,0.75lb,"		$3.99/ea",3.99,ea,,,
7439,Horizon Organic Whole Milk with DHA Omega-3 & Vitamin D,Horizon Organic Whole Milk with DHA Omega-3 & Vitamin D,dai_milk_milk,dairy,1/2 gallon,"		$5.49/ea",5.49,ea,,,
7448,Tuscan Dairy Farms Dairy Pure Whole Milk,Tuscan Dairy Farms Dairy Pure Whole Milk,dai_milk_milk,dairy,1 quart,"		$1.39/ea",1.39,ea,,,
7449,Just FreshDirect Whole Milk,Just FreshDirect Whole Milk,dai_milk_milk,dairy,1/2 gallon,"		$2.79/ea",2.79,ea,,,
7462,Tuscan Dairy Farms Dairy Pure 2% Milk,Tuscan Dairy Farms Dairy Pure 2% Milk,dai_milk_milk,dairy,1 gallon,"		$4.59/ea",4.59,ea,,,
7463,Tuscan Dairy Farms Dairy Pure Fat Free Milk,Tuscan Dairy Farms Dairy Pure Fat Free Milk,dai_milk_milk,dairy,1 quart,"		$1.39/ea",1.39,ea,,,
7464,Tuscan Dairy Farms Dairy Pure Fat Free Milk,Tuscan Dairy Farms Dairy Pure Fat Free Milk,dai_milk_milk,dairy,1 gallon,"		$4.59/ea",4.59,ea,,,
7465,Tuscan Dairy Farms Dairy Pure Whole Milk,Tuscan Dairy Farms Dairy Pure Whole Milk,dai_milk_milk,dairy,1 gallon,"		$4.59/ea",4.59,ea,,,
7467,Lactaid 1% Lowfat Milk,Lactaid 1% Lowfat Milk,dai_milk_milk,dairy,1 quart,"		$2.69/ea",2.69,ea,,,
7468,Lactaid 100% Lactose-Free Fat Free Milk,Lactaid 100% Lactose-Free Fat Free Milk,dai_milk_milk,dairy,1 quart,"		$2.69/ea",2.69,ea,,,
7476,Skim Plus Lactose-Free Milk,Skim Plus Lactose-Free Milk,dai_milk_milk,dairy,1/2 gallon,"		$4.39/ea",4.39,ea,,,
7478,Tuscan Dairy Farms Dairy Pure 1% Milk,Tuscan Dairy Farms Dairy Pure 1% Milk,dai_milk_milk,dairy,1 gallon,"		$4.59/ea",4.59,ea,,,
7482,Just FreshDirect 2% Reduced Fat Milk,Just FreshDirect 2% Reduced Fat Milk,dai_milk_milk,dairy,1/2 gallon,"		$2.79/ea",2.79,ea,,,
7483,Just FreshDirect Fat Free Milk,Just FreshDirect Fat Free Milk,dai_milk_milk,dairy,1/2 gallon,"		$2.79/ea",2.79,ea,,,
7496,Just FreshDirect 1% Lowfat Milk,Just FreshDirect 1% Lowfat Milk,dai_milk_milk,dairy,1/2 gallon,"		$2.79/ea",2.79,ea,,,
7497,Parmalat Stay Fresh 2% Reduced Fat Milk,Parmalat Stay Fresh 2% Reduced Fat Milk,dai_milk_milk,dairy,32oz carton,"		$2.99/ea($1.50/pt)",2.99,ea(,1.50/pt),,
7498,Parmalat Stay Fresh Skim Milk,Parmalat Stay Fresh Skim Milk,dai_milk_milk,dairy,32oz carton,"		$2.99/ea($1.50/pt)",2.99,ea(,1.50/pt),,
7516,"Meyenberg Grade A Whole Goat Milk, Ultra-Pasteurized, Vitamin D","Meyenberg Grade A Whole Goat Milk, Ultra-Pasteurized, Vitamin D",dai_milk_milk,dairy,1 quart,"		$4.99/ea",4.99,ea,,,
7517,Natrel Lil' Milk 2% Reduced Fat Chocolate Milk,Natrel Lil' Milk 2% Reduced Fat Chocolate Milk,dai_milk_milk,dairy,8oz boxes 3pk,"		$3.99/ea($2.66/pt)",3.99,ea(,2.66/pt),,
7518,Natrel Lil' Milk 2% Reduced Fat Milk,Natrel Lil' Milk 2% Reduced Fat Milk,dai_milk_milk,dairy,8oz boxes 3pk,"		$3.99/ea($2.66/pt)",3.99,ea(,2.66/pt),,
7519,Natrel Whole Milk,Natrel Whole Milk,dai_milk_milk,dairy,8oz boxes 3pk,"		$3.99/ea($2.66/pt)",3.99,ea(,2.66/pt),,
7520,Nestlé Nesquik Low Fat Chocolate Milk,Nestlé Nesquik Low Fat Chocolate Milk,dai_milk_milk,dairy,14oz,"		$1.89/ea($2.15/pt)",1.89,ea(,2.15/pt),,
7523,Parmalat Stay Fresh 1% Lowfat Milk,Parmalat Stay Fresh 1% Lowfat Milk,dai_milk_milk,dairy,32oz carton,"		$2.99/ea($1.50/pt)",2.99,ea(,1.50/pt),,
7524,Parmalat Stay Fresh Whole Milk,Parmalat Stay Fresh Whole Milk,dai_milk_milk,dairy,32oz carton,"		$2.99/ea($1.50/pt)",2.99,ea(,1.50/pt),,
7530,Tuscan Dairy Farms Dairy Pure Reduced Fat Cultured Buttermilk,Tuscan Dairy Farms Dairy Pure Reduced Fat Cultured Buttermilk,dai_milk_milk,dairy,1qt,"		$2.49/ea($1.24/pt)",2.49,ea(,1.24/pt),,
7558,Nestlé Nesquik Fat Free Chocolate Milk,Nestlé Nesquik Fat Free Chocolate Milk,dai_milk_milk,dairy,16oz,"		$1.89/ea($1.89/pt)",1.89,ea(,1.89/pt),,
7562,"Organic Valley Grassmilk, 100% Grass-Fed 2% Reduced Fat Milk, Non-Homogenized","Organic Valley Grassmilk, 100% Grass-Fed 2% Reduced Fat Milk, Non-Homogenized",dai_milk_milk,dairy,1/2 gallon,"		$6.29/ea",6.29,ea,,,
7563,"Organic Valley Grassmilk, 100% Grass-Fed Fat Free Milk, Non-Homogenized","Organic Valley Grassmilk, 100% Grass-Fed Fat Free Milk, Non-Homogenized",dai_milk_milk,dairy,1/2 gallon,"		$6.29/ea",6.29,ea,,,
7564,"Organic Valley Grassmilk, 100% Grass-Fed Whole Milk, Non-Homogenized","Organic Valley Grassmilk, 100% Grass-Fed Whole Milk, Non-Homogenized",dai_milk_milk,dairy,1/2 gallon,"		$6.29/ea",6.29,ea,,,
7592,Local Wild Yellowfin Tuna Steak,Local Wild Yellowfin Tuna Steak,sea_lcl,shop,NA,"		$23.99/lb",23.99,lb,,,
7593,Local Wild Dry Sea Scallops,Local Wild Dry Sea Scallops,sea_lcl,shop,NA," 	$16.99/lb $24.99Save 32%",16.99,lb ,24.99Save 32%,,
7595,Wild Local Littleneck Clams,Wild Local Littleneck Clams,sea_lcl,shop,NA,"		$0.59/ea",0.59,ea,,,
7597,Local Wild Steamer Clams,Local Wild Steamer Clams,sea_lcl,shop,NA,"		$5.99/lb",5.99,lb,,,
7601,Jersey Fresh Green Kale,Jersey Fresh Green Kale,grns,vegetables,bunch,"		$2.49/ea",2.49,ea,,,
7604,Deer Run Farms Local Bunched Spinach,Deer Run Farms Local Bunched Spinach,grns,vegetables,(approx 8oz per bunch),"		$1.99/ea",1.99,ea,,,
7611,Green Kale,Green Kale,grns,vegetables,bunch,"		$2.99/ea",2.99,ea,,,
7613,Jersey Fresh Red Swiss Chard,Jersey Fresh Red Swiss Chard,grns,vegetables,NA,"		$2.49/ea",2.49,ea,,,
7618,Breakstone's All Natural Salted Whipped Butter,Breakstone's All Natural Salted Whipped Butter,dai_butte,dairy,8oz tub,"		$2.99/ea($5.98/lb)",2.99,ea(,5.98/lb),,
7619,Land O'Lakes Salted Butter,Land O'Lakes Salted Butter,dai_butte,dairy,4 sticks (16oz),"		$5.69/ea($5.69/lb)",5.69,ea(,5.69/lb),,
7620,Land O'Lakes Unsalted Butter,Land O'Lakes Unsalted Butter,dai_butte,dairy,4 sticks (16oz),"		$5.69/ea($5.69/lb)",5.69,ea(,5.69/lb),,
7621,Breakstone's All-Natural Unsalted Butter,Breakstone's All-Natural Unsalted Butter,dai_butte,dairy,2 sticks (8oz),"		$2.99/ea($5.98/lb)",2.99,ea(,5.98/lb),,
7622,Grassland Salted Sweet Cream Spreadable Butter,Grassland Salted Sweet Cream Spreadable Butter,dai_butte,dairy,8oz,"		$2.89/ea($5.78/lb)",2.89,ea(,5.78/lb),,
7626,Kerrygold Salted Pure Irish Butter,Kerrygold Salted Pure Irish Butter,dai_butte,dairy,8oz,"		$3.79/ea($7.58/lb)",3.79,ea(,7.58/lb),,
7627,Plugrá European-Style Unsalted Butter,Plugrá European-Style Unsalted Butter,dai_butte,dairy,8oz block,"		$3.89/ea($7.78/lb)",3.89,ea(,7.78/lb),,
7628,Breakstone's All Natural Unsalted Whipped Butter,Breakstone's All Natural Unsalted Whipped Butter,dai_butte,dairy,8oz tub,"		$2.99/ea($5.98/lb)",2.99,ea(,5.98/lb),,
7629,Breakstone's All-Natural Salted Butter,Breakstone's All-Natural Salted Butter,dai_butte,dairy,2 sticks (8oz),"		$2.99/ea($5.98/lb)",2.99,ea(,5.98/lb),,
7632,Kerrygold Unsalted Pure Irish Butter,Kerrygold Unsalted Pure Irish Butter,dai_butte,dairy,8oz,"		$3.79/ea($7.58/lb)",3.79,ea(,7.58/lb),,
7633,Plugrá European-Style Salted Butter Block,Plugrá European-Style Salted Butter Block,dai_butte,dairy,8oz,"		$3.89/ea($7.78/lb)",3.89,ea(,7.78/lb),,
7634,Smart Balance 67% Buttery Spread,Smart Balance 67% Buttery Spread,dai_butte,dairy,15oz,"		$4.29/ea($4.56/lb)",4.29,ea(,4.56/lb),,
7635,Brummel & Brown Spread,Brummel & Brown Spread,dai_butte,dairy,16oz tub,"		$3.99/ea($3.99/lb)",3.99,ea(,3.99/lb),,
7636,Country Crock Shedd's Spread,Country Crock Shedd's Spread,dai_butte,dairy,15oz tub,"		$3.19/ea($3.39/lb)",3.19,ea(,3.39/lb),,
7637,"Earth Balance Natural Buttery Spread, Original","Earth Balance Natural Buttery Spread, Original",dai_butte,dairy,15oz,"		$4.79/ea($5.10/lb)",4.79,ea(,5.10/lb),,
7638,I Can't Believe It's Not Butter Spray,I Can't Believe It's Not Butter Spray,dai_butte,dairy,8oz,"		$3.99/ea($7.98/lb)",3.99,ea(,7.98/lb),,
7639,"Kriemhild Dairy Farms Local Grass Fed Butter, Salted","Kriemhild Dairy Farms Local Grass Fed Butter, Salted",dai_butte,dairy,8oz tub,"		$4.99/ea",4.99,ea,,,
7640,"Earth Balance Natural Buttery Spread, Soy Free","Earth Balance Natural Buttery Spread, Soy Free",dai_butte,dairy,15oz,"		$4.79/ea($5.10/lb)",4.79,ea(,5.10/lb),,
7641,Ronnybrook Salted Sweet Cream Butter,Ronnybrook Salted Sweet Cream Butter,dai_butte,dairy,8oz,"		$4.99/ea($9.98/lb)",4.99,ea(,9.98/lb),,
7642,FreshDirect Banana Bread,FreshDirect Banana Bread,dai_butte,dairy,1.2lbs,"		$4.99/ea($4.99/ct)",4.99,ea(,4.99/ct),,
7643,Ronnybrook Unsalted Sweet Cream Butter,Ronnybrook Unsalted Sweet Cream Butter,dai_butte,dairy,8oz,"		$4.99/ea($9.98/lb)",4.99,ea(,9.98/lb),,
7645,Breakstone's All Natural Salted Butter,Breakstone's All Natural Salted Butter,dai_butte,dairy,16oz,"		$5.29/ea($5.29/lb)",5.29,ea(,5.29/lb),,
7646,Breakstone's All Natural Unsalted Butter,Breakstone's All Natural Unsalted Butter,dai_butte,dairy,16oz,"		$5.29/ea($5.29/lb)",5.29,ea(,5.29/lb),,
7647,Land O'Lakes Spreadable Butter With Canola Oil,Land O'Lakes Spreadable Butter With Canola Oil,dai_butte,dairy,8oz,"		$2.49/ea($4.98/lb)",2.49,ea(,4.98/lb),,
7648,Land O'Lakes Spreadable Butter With Canola Oil,Land O'Lakes Spreadable Butter With Canola Oil,dai_butte,dairy,15oz,"		$4.39/ea($4.68/lb)",4.39,ea(,4.68/lb),,
7649,Plugrá European-Style Salted Butter,Plugrá European-Style Salted Butter,dai_butte,dairy,8oz,"		$3.99/ea($7.98/lb)",3.99,ea(,7.98/lb),,
7651,General Mills Cheerios Cereal,General Mills Cheerios Cereal,gro_cerea,pantry,12oz,"		$4.29/ea($5.72/lb)",4.29,ea(,5.72/lb),,
7652,General Mills Honey Nut Cheerios Cereal,General Mills Honey Nut Cheerios Cereal,gro_cerea,pantry,12.25oz,"		$4.29/ea($5.57/lb)",4.29,ea(,5.57/lb),,
7653,Cascadian Farm Organic Oats & Honey Granola Cereal,Cascadian Farm Organic Oats & Honey Granola Cereal,gro_cerea,pantry,16oz,"		$4.49/ea($4.49/lb)",4.49,ea(,4.49/lb),,
7655,General Mills Cheerios Cereal,General Mills Cheerios Cereal,gro_cerea,pantry,18oz,"		$4.99/ea($4.42/lb)",4.99,ea(,4.42/lb),,
7656,General Mills Cinnamon Toast Crunch Cereal,General Mills Cinnamon Toast Crunch Cereal,gro_cerea,pantry,12.2oz,"		$3.69/ea($4.86/lb)",3.69,ea(,4.86/lb),,
7657,General Mills Honey Nut Cheerios Cereal,General Mills Honey Nut Cheerios Cereal,gro_cerea,pantry,21.6oz,"		$5.99/ea($4.44/lb)",5.99,ea(,4.44/lb),,
7658,Kellogg's Frosted Mini-Wheats Cereal,Kellogg's Frosted Mini-Wheats Cereal,gro_cerea,pantry,18oz,"		$3.99/ea($3.53/lb)",3.99,ea(,3.53/lb),,
7659,Kellogg's Raisin Bran Cereal,Kellogg's Raisin Bran Cereal,gro_cerea,pantry,23.5oz,"		$3.99/ea($2.71/lb)",3.99,ea(,2.71/lb),,
7660,Kellogg's Rice Krispies Cereal,Kellogg's Rice Krispies Cereal,gro_cerea,pantry,12oz,"		$4.19/ea($5.59/lb)",4.19,ea(,5.59/lb),,
7662,Nature Valley Oat & Honey Granola Bars,Nature Valley Oat & Honey Granola Bars,gro_cerea,pantry,"6pk, 12pc (8.9oz)","		$3.59/ea($6.41/lb)",3.59,ea(,6.41/lb),,
7663,Quaker Life Cereal,Quaker Life Cereal,gro_cerea,pantry,13oz,"		$4.59/ea($5.67/lb)",4.59,ea(,5.67/lb),,
7664,Quaker Old Fashioned Oats,Quaker Old Fashioned Oats,gro_cerea,pantry,42oz canister,"		$4.99/ea($1.90/lb)",4.99,ea(,1.90/lb),,
7665,Arrowhead Mills Organic Original Instant Oatmeal,Arrowhead Mills Organic Original Instant Oatmeal,gro_cerea,pantry,"10oz (10pk, 1oz ea)","		$3.79/ea($6.02/lb)",3.79,ea(,6.02/lb),,
7667,Bob's Red Mill Old Fashioned Rolled Oats,Bob's Red Mill Old Fashioned Rolled Oats,gro_cerea,pantry,32oz,"		$6.99/ea($3.50/lb)",6.99,ea(,3.50/lb),,
7668,Cascadian Farm Organic Chewy Chocolate Chip Granola Bars,Cascadian Farm Organic Chewy Chocolate Chip Granola Bars,gro_cerea,pantry,"6ct, 1.2oz ea","		$4.49/ea($9.98/lb)",4.49,ea(,9.98/lb),,
7669,Cascadian Farm Organic Cinnamon Crunch Cereal,Cascadian Farm Organic Cinnamon Crunch Cereal,gro_cerea,pantry,9.2oz,"		$4.49/ea",4.49,ea,,,
7670,Cascadian Farm Organic Multi Grain Squares Cereal,Cascadian Farm Organic Multi Grain Squares Cereal,gro_cerea,pantry,12.3oz,"		$4.49/ea",4.49,ea,,,
7674,"General Mills Chex Cereal, Honey Nut","General Mills Chex Cereal, Honey Nut",gro_cerea,pantry,12.5oz,"		$4.29/ea($5.50/lb)",4.29,ea(,5.50/lb),,
7675,"General Mills Chex Cereal, Rice","General Mills Chex Cereal, Rice",gro_cerea,pantry,12oz,"		$4.29/ea($5.72/lb)",4.29,ea(,5.72/lb),,
7677,General Mills Multi Grain Cheerios Cereal,General Mills Multi Grain Cheerios Cereal,gro_cerea,pantry,9oz,"		$4.29/ea($7.66/lb)",4.29,ea(,7.66/lb),,
7683,Kellogg's Frosted Flakes Cereal,Kellogg's Frosted Flakes Cereal,gro_cerea,pantry,15oz,"		$4.79/ea($5.10/lb)",4.79,ea(,5.10/lb),,
7690,Nature Valley Granola Bars Variety Pack,Nature Valley Granola Bars Variety Pack,gro_cerea,pantry,"6pk, 12pc (8.9oz)","		$3.59/ea($6.41/lb)",3.59,ea(,6.41/lb),,
7691,Nature Valley Sweet & Salty Nut Peanut Granola Bars,Nature Valley Sweet & Salty Nut Peanut Granola Bars,gro_cerea,pantry,"6ct, 1.2oz ea","		$3.59/ea($7.98/lb)",3.59,ea(,7.98/lb),,
7692,Post Grape Nuts Cereal,Post Grape Nuts Cereal,gro_cerea,pantry,20.5oz,"		$4.59/ea($3.59/lb)",4.59,ea(,3.59/lb),,
7693,Post Honey Bunches of Oats Cereal,post honey bunches of oats,gro_cerea,pantry,12.25oz,"		$4.59/ea",4.59,ea,,,
7694,Post Honey Bunches of Oats Cereal with Almonds,post honey bunches of oats,gro_cerea,pantry,14.5oz,"		$4.59/ea($5.04/lb)",4.59,ea(,5.04/lb),,
7695,Quaker Chewy Chocolate Chip Granola Bars,Quaker Chewy Chocolate Chip Granola Bars,gro_cerea,pantry,8pk (6.7oz),"		$3.69/ea($1.10/lb)",3.69,ea(,1.10/lb),,
7696,Quaker Life Cinnamon Cereal,Quaker Life Cinnamon Cereal,gro_cerea,pantry,13oz,"		$4.59/ea($5.67/lb)",4.59,ea(,5.67/lb),,
7697,Quaker Oatmeal Squares Cereal,Quaker Oatmeal Squares Cereal,gro_cerea,pantry,16oz,"		$4.79/ea($4.79/lb)",4.79,ea(,4.79/lb),,
7698,Quaker Variety Pack Instant Oatmeal,Quaker Variety Pack Instant Oatmeal,gro_cerea,pantry,"14.2oz (10pk, 1.42oz ea)","		$4.99/ea($5.61/lb)",4.99,ea(,5.61/lb),,
7699,Vitalicious Deep Chocolate VitaTops,Vitalicious Deep Chocolate VitaTops,gro_cerea,pantry,"4pk, 2oz ea (8oz)","		$4.99/ea($9.98/lb)",4.99,ea(,9.98/lb),,
7700,Arrowhead Mills Organically Produced Buttermilk Pancake & Waffle Mix,Arrowhead Mills Organically Produced Buttermilk Pancake & Waffle Mix,gro_cerea,pantry,26oz,"		$3.99/ea($2.45/lb)",3.99,ea(,2.45/lb),,
7701,Aunt Jemima Buttermilk Complete Pancake & Waffle Mix,Aunt Jemima Buttermilk Complete Pancake & Waffle Mix,gro_cerea,pantry,32oz,"		$3.19/ea($1.60/lb)",3.19,ea(,1.60/lb),,
7703,Aunt Jemima Original Pancake & Waffle Mix,Aunt Jemima Original Pancake & Waffle Mix,gro_cerea,pantry,32oz,"		$3.19/ea($1.60/lb)",3.19,ea(,1.60/lb),,
7706,Barbara's Bakery Puffins Cereal - Cinnamon,Barbara's Bakery Puffins Cereal - Cinnamon,gro_cerea,pantry,10oz,"		$4.49/ea($7.13/lb)",4.49,ea(,7.13/lb),,
7707,Barbara's Bakery Puffins Cereal - Original,Barbara's Bakery Puffins Cereal - Original,gro_cerea,pantry,10oz,"		$4.49/ea($7.13/lb)",4.49,ea(,7.13/lb),,
7708,Barbara's Bakery Puffins Cereal - Peanut Butter,Barbara's Bakery Puffins Cereal - Peanut Butter,gro_cerea,pantry,11oz,"		$4.49/ea($6.51/lb)",4.49,ea(,6.51/lb),,
7709,Barbara's Bakery Shredded Spoonfuls Cereal - Multigrain,Barbara's Bakery Shredded Spoonfuls Cereal - Multigrain,gro_cerea,pantry,14oz,"		$4.49/ea",4.49,ea,,,
7713,Bisquick Original All Purpose Baking Mix,Bisquick Original All Purpose Baking Mix,gro_cerea,pantry,40oz,"		$4.49/ea($1.80/lb)",4.49,ea(,1.80/lb),,
7714,Cascadian Farm Organic Ancient Grains Granola,Cascadian Farm Organic Ancient Grains Granola,gro_cerea,pantry,12.5oz,"		$4.59/ea($5.88/lb)",4.59,ea(,5.88/lb),,
7715,Cascadian Farm Organic Chewy Harvest Berry Granola Bars,Cascadian Farm Organic Chewy Harvest Berry Granola Bars,gro_cerea,pantry,6pk (7.4oz),"		$4.49/ea($1.62/lb)",4.49,ea(,1.62/lb),,
7716,Cascadian Farm Organic Dark Chocolate & Almond Granola,Cascadian Farm Organic Dark Chocolate & Almond Granola,gro_cerea,pantry,13.25oz,"		$4.49/ea",4.49,ea,,,
7717,Cascadian Farm Organic French Vanilla Almond Granola,Cascadian Farm Organic French Vanilla Almond Granola,gro_cerea,pantry,13oz,"		$4.49/ea($5.54/lb)",4.49,ea(,5.54/lb),,
7718,Cascadian Farm Organic Fruit & Nut Granola,Cascadian Farm Organic Fruit & Nut Granola,gro_cerea,pantry,13.5oz,"		$4.49/ea($5.35/lb)",4.49,ea(,5.35/lb),,
7719,Cascadian Farm Organic Honey Nut O's Cereal,Cascadian Farm Organic Honey Nut O's Cereal,gro_cerea,pantry,9.5oz,"		$4.49/ea",4.49,ea,,,
7720,Cascadian Farm Organic Oatmeal Raisin Kid-Sized Bars,Cascadian Farm Organic Oatmeal Raisin Kid-Sized Bars,gro_cerea,pantry,"8ct, 0.78oz ea","		$4.49/ea($11.51/lb)",4.49,ea(,11.51/lb),,
7721,Cascadian Farm Organic Peanut Butter Chocolate Chip Granola Bars,Cascadian Farm Organic Peanut Butter Chocolate Chip Granola Bars,gro_cerea,pantry,"8ct, 0.78oz ea","		$4.49/ea($11.51/lb)",4.49,ea(,11.51/lb),,
7722,Cascadian Farm Organic Purely O's Cereal,Cascadian Farm Organic Purely O's Cereal,gro_cerea,pantry,8.6oz,"		$4.49/ea",4.49,ea,,,
7723,Cascadian Farm Organic Vanilla Chip Granola Bars,Cascadian Farm Organic Vanilla Chip Granola Bars,gro_cerea,pantry,"6ct, 1.2oz ea","		$4.49/ea($9.98/lb)",4.49,ea(,9.98/lb),,
7724,"Clif All Natural Crunch Granola Bar, Chocolate Chip","Clif All Natural Crunch Granola Bar, Chocolate Chip",gro_cerea,pantry,"5pk, 10pc (7.4oz)","		$3.69/ea($8.02/lb)",3.69,ea(,8.02/lb),,
7730,Earth's Best Organic Yummy Tummy Instant Oatmeal - Maple & Brown Sugar,Earth's Best Organic Yummy Tummy Instant Oatmeal - Maple & Brown Sugar,gro_cerea,pantry,15.1oz,"		$4.49/ea($4.78/lb)",4.49,ea(,4.78/lb),,
7731,Earth's Best Sunny Days Apple Snack Bars,Earth's Best Sunny Days Apple Snack Bars,gro_cerea,pantry,8pc (5.3oz),"		$3.49/ea($10.58/lb)",3.49,ea(,10.58/lb),,
7732,Earth's Best Sunny Days Strawberry Snack Bars,Earth's Best Sunny Days Strawberry Snack Bars,gro_cerea,pantry,8pc (5.3oz),"		$3.99/ea($12.09/lb)",3.99,ea(,12.09/lb),,
7735,General Mills Fiber One Bran Cereal,General Mills Fiber One Bran Cereal,gro_cerea,pantry,16oz,"		$4.99/ea($4.99/lb)",4.99,ea(,4.99/lb),,
7736,General Mills Kix Cereal,General Mills Kix Cereal,gro_cerea,pantry,12oz,"		$4.29/ea($5.72/lb)",4.29,ea(,5.72/lb),,
7737,General Mills Multi Grain Cheerios Cereal,General Mills Multi Grain Cheerios Cereal,gro_cerea,pantry,12oz,"		$5.29/ea($7.05/lb)",5.29,ea(,7.05/lb),,
7738,Health Valley Blueberry Cobbler Cereal Bars,Health Valley Blueberry Cobbler Cereal Bars,gro_cerea,pantry,6pc (7.9oz),"		$3.69/ea($7.53/lb)",3.69,ea(,7.53/lb),,
7746,Kellogg's All-Bran Complete Wheat Flakes Cereal,Kellogg's All-Bran Complete Wheat Flakes Cereal,gro_cerea,pantry,18oz,"		$4.29/ea($3.80/lb)",4.29,ea(,3.80/lb),,
7747,Kellogg's Corn Flakes Cereal,Kellogg's Corn Flakes Cereal,gro_cerea,pantry,24oz,"		$4.79/ea($3.19/lb)",4.79,ea(,3.19/lb),,
7748,Kellogg's Cracklin' Oat Bran Cereal,Kellogg's Cracklin' Oat Bran Cereal,gro_cerea,pantry,17oz,"		$5.49/ea($5.18/lb)",5.49,ea(,5.18/lb),,
7749,Kellogg's Crispix Cereal,Kellogg's Crispix Cereal,gro_cerea,pantry,12oz,"		$4.19/ea($5.59/lb)",4.19,ea(,5.59/lb),,
7750,Kellogg's Froot Loops Cereal,Kellogg's Froot Loops Cereal,gro_cerea,pantry,12.5oz,"		$4.59/ea($5.88/lb)",4.59,ea(,5.88/lb),,
7751,"Kellogg's Nutri-Grain Soft Baked Breakfast Bars, Apple Cinnamon","Kellogg's Nutri-Grain Soft Baked Breakfast Bars, Apple Cinnamon",gro_cerea,pantry,8pc (10.4oz),"		$3.99/ea($6.14/lb)",3.99,ea(,6.14/lb),,
7752,"Kellogg's Nutri-Grain Soft Baked Breakfast Bars, Blueberry","Kellogg's Nutri-Grain Soft Baked Breakfast Bars, Blueberry",gro_cerea,pantry,8pc (10.4oz),"		$3.99/ea($6.14/lb)",3.99,ea(,6.14/lb),,
7753,"Kellogg's Nutri-Grain Soft Baked Breakfast Bars, Strawberry","Kellogg's Nutri-Grain Soft Baked Breakfast Bars, Strawberry",gro_cerea,pantry,8pc (10.4oz),"		$3.99/ea($6.14/lb)",3.99,ea(,6.14/lb),,
7754,Kellogg's Raisin Bran Crunch Cereal,Kellogg's Raisin Bran Crunch Cereal,gro_cerea,pantry,18.2oz,"		$4.19/ea($3.68/lb)",4.19,ea(,3.68/lb),,
7755,Kellogg's Smart Start Cereal,Kellogg's Smart Start Cereal,gro_cerea,pantry,17.5oz,"		$4.19/ea($3.84/lb)",4.19,ea(,3.84/lb),,
7770,"McCann's Instant Irish Oatmeal, Maple & Brown Sugar","McCann's Instant Irish Oatmeal, Maple & Brown Sugar",gro_cerea,pantry,"15.1oz (10pk, 1.51oz ea)","		$4.49/ea($4.78/lb)",4.49,ea(,4.78/lb),,
7772,McCann's Quick & Easy Steel-Cut 5-Minute Irish Oatmeal,McCann's Quick & Easy Steel-Cut 5-Minute Irish Oatmeal,gro_cerea,pantry,16oz,"		$3.69/ea($3.69/lb)",3.69,ea(,3.69/lb),,
7773,McCann's Quick Cooking Irish Oatmeal,McCann's Quick Cooking Irish Oatmeal,gro_cerea,pantry,16oz,"		$3.99/ea($3.99/lb)",3.99,ea(,3.99/lb),,
7774,McCann's Steel-Cut Irish Oatmeal,McCann's Steel-Cut Irish Oatmeal,gro_cerea,pantry,28oz,"		$6.79/ea($3.88/lb)",6.79,ea(,3.88/lb),,
7775,Nature Valley Peanut Butter Granola Bars,Nature Valley Peanut Butter Granola Bars,gro_cerea,pantry,"6pk, 12pc (8.9oz)","		$3.59/ea($6.41/lb)",3.59,ea(,6.41/lb),,
7776,"Nature Valley Protein Bar, Peanut Butter & Dark Chocolate","Nature Valley Protein Bar, Peanut Butter & Dark Chocolate",gro_cerea,pantry,"5ct, 1.42oz ea","		$3.89/ea($8.84/lb)",3.89,ea(,8.84/lb),,
7777,"Nature Valley Protein Bar, Peanut, Almond & Dark Chocolate","Nature Valley Protein Bar, Peanut, Almond & Dark Chocolate",gro_cerea,pantry,"5ct, 1.42oz ea","		$3.89/ea($8.84/lb)",3.89,ea(,8.84/lb),,
7778,Nature Valley Trail Mix Chewy Fruit & Nut Granola Bars,Nature Valley Trail Mix Chewy Fruit & Nut Granola Bars,gro_cerea,pantry,6pk (7.4oz),"		$3.59/ea($7.80/lb)",3.59,ea(,7.80/lb),,
7779,"Post Selects Great Grains Cereal with Raisins, Dates & Pecans","Post Selects Great Grains Cereal with Raisins, Dates & Pecans",gro_cerea,pantry,16oz,"		$4.69/ea($4.69/lb)",4.69,ea(,4.69/lb),,
7780,Quaker 25% Less Sugar Chewy Chocolate Chip Granola Bars,Quaker 25% Less Sugar Chewy Chocolate Chip Granola Bars,gro_cerea,pantry,8pk (6.7oz),"		$3.69/ea($8.79/lb)",3.69,ea(,8.79/lb),,
7781,Quaker Lower Sugar Maple & Brown Sugar Instant Oatmeal,Quaker Lower Sugar Maple & Brown Sugar Instant Oatmeal,gro_cerea,pantry,11.5oz,"		$4.79/ea($6.65/lb)",4.79,ea(,6.65/lb),,
7782,Quaker Maple & Brown Sugar Instant Oatmeal,Quaker Maple & Brown Sugar Instant Oatmeal,gro_cerea,pantry,"15.1oz (10pk, 1.51oz ea)","		$4.79/ea",4.79,ea,,,
7784,Quaker Old Fashioned Oats,Quaker Old Fashioned Oats,gro_cerea,pantry,18oz canister,"		$3.59/ea($3.18/lb)",3.59,ea(,3.18/lb),,
7785,Quaker Quick 1-Minute Oats,Quaker Quick 1-Minute Oats,gro_cerea,pantry,42oz canister,"		$4.99/ea($1.90/lb)",4.99,ea(,1.90/lb),,
7786,Quaker Quick 1-Minute Oats,Quaker Quick 1-Minute Oats,gro_cerea,pantry,18oz canister,"		$3.59/ea($3.18/lb)",3.59,ea(,3.18/lb),,
7788,"Udi's Gluten-Free Blueberry Muffins, Frozen","Udi's Gluten-Free Blueberry Muffins, Frozen",gro_cerea,pantry,12oz,"		$6.29/ea($8.39/lb)",6.29,ea(,8.39/lb),,
7789,Weetabix Whole Grain Biscuit Cereal,Weetabix Whole Grain Biscuit Cereal,gro_cerea,pantry,14oz,"		$4.19/ea($4.76/lb)",4.19,ea(,4.76/lb),,
7795,Arrowhead Mills Gluten-Free Pancake & Baking Mix,Arrowhead Mills Gluten-Free Pancake & Baking Mix,gro_cerea,pantry,26oz,"		$4.89/ea($3.00/lb)",4.89,ea(,3.00/lb),,
7796,Arrowhead Mills Multigrain Pancake & Waffle Mix,Arrowhead Mills Multigrain Pancake & Waffle Mix,gro_cerea,pantry,26oz,"		$3.99/ea($2.45/lb)",3.99,ea(,2.45/lb),,
7798,Bakery on Main Gluten-Free Extreme Fruit & Nut Granola,Bakery on Main Gluten-Free Extreme Fruit & Nut Granola,gro_cerea,pantry,12oz,"		$7.99/ea($10.65/lb)",7.99,ea(,10.65/lb),,
7799,Bakery on Main Gluten-Free Nutty Cranberry Maple Granola,Bakery on Main Gluten-Free Nutty Cranberry Maple Granola,gro_cerea,pantry,12oz,"		$7.99/ea($10.65/lb)",7.99,ea(,10.65/lb),,
7800,Barbara's Bakery Puffins Cereal - Honey Rice,Barbara's Bakery Puffins Cereal - Honey Rice,gro_cerea,pantry,10oz,"		$4.49/ea($7.13/lb)",4.49,ea(,7.13/lb),,
7801,Barbara's Bakery Shredded Oats Cereal - Original,Barbara's Bakery Shredded Oats Cereal - Original,gro_cerea,pantry,14oz,"		$4.49/ea",4.49,ea,,,
7804,Bob's Red Mill Old Country Style Muesli,Bob's Red Mill Old Country Style Muesli,gro_cerea,pantry,18oz,"		$5.49/ea($4.86/lb)",5.49,ea(,4.86/lb),,
7805,Bob's Red Mill Quick Cooking Oats,Bob's Red Mill Quick Cooking Oats,gro_cerea,pantry,32oz,"		$6.99/ea($3.50/lb)",6.99,ea(,3.50/lb),,
7806,Bob's Red Mill Whole Grain Steel Cut Oats,Bob's Red Mill Whole Grain Steel Cut Oats,gro_cerea,pantry,24oz,"		$5.99/ea($3.99/lb)",5.99,ea(,3.99/lb),,
7807,Cascadian Farm Organic Dark Chocolate Almond Chewy Granola Bars,Cascadian Farm Organic Dark Chocolate Almond Chewy Granola Bars,gro_cerea,pantry,"5ct, 1.2oz ea","		$4.49/ea($11.82/lb)",4.49,ea(,11.82/lb),,
7808,Cascadian Farm Organic Kids Fruitful O's Cereal,Cascadian Farm Organic Kids Fruitful O's Cereal,gro_cerea,pantry,10.2oz,"		$4.49/ea",4.49,ea,,,
7809,"Clif All Natural Crunch Granola Bar, Peanut Butter","Clif All Natural Crunch Granola Bar, Peanut Butter",gro_cerea,pantry,"5pk, 10pc (7.4oz)","		$3.69/ea($8.02/pt)",3.69,ea(,8.02/pt),,
7810,"Clif All Natural Crunch Granola Bar, White Chocolate Macadamia Nut","Clif All Natural Crunch Granola Bar, White Chocolate Macadamia Nut",gro_cerea,pantry,"5pk, 10pc (7.4oz)","		$3.69/ea($8.02/lb)",3.69,ea(,8.02/lb),,
7817,"Clif Crunch Granola Bar, Chocolate Peanut Butter","Clif Crunch Granola Bar, Chocolate Peanut Butter",gro_cerea,pantry,10pk,"		$3.69/ea($5.86/lb)",3.69,ea(,5.86/lb),,
7821,Enjoy Life Gluten-Free Oven-Baked Caramel Apple Chewy Bars,Enjoy Life Gluten-Free Oven-Baked Caramel Apple Chewy Bars,gro_cerea,pantry,5oz,"		$4.29/ea($13.84/lb)",4.29,ea(,13.84/lb),,
7822,Enjoy Life Gluten-Free Oven-Baked Cocoa Loco Chewy Bars,Enjoy Life Gluten-Free Oven-Baked Cocoa Loco Chewy Bars,gro_cerea,pantry,5oz,"		$4.49/ea($14.48/lb)",4.49,ea(,14.48/lb),,
7823,Enjoy Life Gluten-Free Oven-Baked Sunbutter Crunch Chewy Bars,Enjoy Life Gluten-Free Oven-Baked Sunbutter Crunch Chewy Bars,gro_cerea,pantry,5oz,"		$4.49/ea($14.48/lb)",4.49,ea(,14.48/lb),,
7824,Entenmann's Rich Chocolate Frosted Donuts,Entenmann's Rich Chocolate Frosted Donuts,gro_cerea,pantry,16oz,"		$5.49/ea($5.49/lb)",5.49,ea(,5.49/lb),,
7825,"familia Müesli Cereal, No Sugar","familia Müesli Cereal, No Sugar",gro_cerea,pantry,32oz,"		$5.79/ea($2.90/lb)",5.79,ea(,2.90/lb),,
7826,familia Swiss Crunch Müesli Roasted Cereal with High Fiber and Low Fat,familia Swiss Crunch Müesli Roasted Cereal with High Fiber and Low Fat,gro_cerea,pantry,11oz.,"		$4.29/ea($6.22/lb)",4.29,ea(,6.22/lb),,
7827,"Food For Life Ezekiel 4:9 Organic Sprouted Whole Grain Cereal, Almond","Food For Life Ezekiel 4:9 Organic Sprouted Whole Grain Cereal, Almond",gro_cerea,pantry,16oz,"		$5.99/ea($5.99/lb)",5.99,ea(,5.99/lb),,
7828,"Food For Life Ezekiel 4:9 Organic Sprouted Whole Grain Cereal, Cinnamon Raisin","Food For Life Ezekiel 4:9 Organic Sprouted Whole Grain Cereal, Cinnamon Raisin",gro_cerea,pantry,16oz,"		$5.99/ea($5.99/lb)",5.99,ea(,5.99/lb),,
7829,"Food For Life Ezekiel 4:9 Organic Sprouted Whole Grain Cereal, Golden Flax","Food For Life Ezekiel 4:9 Organic Sprouted Whole Grain Cereal, Golden Flax",gro_cerea,pantry,16oz,"		$5.49/ea($5.49/lb)",5.49,ea(,5.49/lb),,
7834,General Mills Basic 4 Cereal,General Mills Basic 4 Cereal,gro_cerea,pantry,16oz,"		$4.99/ea($4.99/lb)",4.99,ea(,4.99/lb),,
7835,"General Mills Cheerios Cereal, Apple Cinnamon","General Mills Cheerios Cereal, Apple Cinnamon",gro_cerea,pantry,12.9oz,"		$4.29/ea($5.30/lb)",4.29,ea(,5.30/lb),,
7836,"General Mills Chex Cereal, Wheat","General Mills Chex Cereal, Wheat",gro_cerea,pantry,14oz,"		$4.29/ea($4.88/lb)",4.29,ea(,4.88/lb),,
7840,General Mills Fiber One Honey Clusters Cereal,General Mills Fiber One Honey Clusters Cereal,gro_cerea,pantry,14.25oz,"		$4.99/ea($5.61/lb)",4.99,ea(,5.61/lb),,
7841,General Mills Multi Grain Peanut Butter Cheerios,General Mills Multi Grain Peanut Butter Cheerios,gro_cerea,pantry,11.3oz,"		$4.29/ea($6.04/lb)",4.29,ea(,6.04/lb),,
7842,General Mills Reese's Puffs Cereal,General Mills Reese's Puffs Cereal,gro_cerea,pantry,13oz,"		$4.29/ea($5.30/lb)",4.29,ea(,5.30/lb),,
7843,General Mills Total Raisin Bran Cereal,General Mills Total Raisin Bran Cereal,gro_cerea,pantry,18.25oz,"		$4.99/ea($4.38/lb)",4.99,ea(,4.38/lb),,
7844,General Mills Wheaties Cereal,General Mills Wheaties Cereal,gro_cerea,pantry,15.6oz,"		$4.99/ea($5.09/lb)",4.99,ea(,5.09/lb),,
7845,Glenny's Organic Brown Rice Vanilla Marshmallow Treats,Glenny's Organic Brown Rice Vanilla Marshmallow Treats,gro_cerea,pantry,5ct (0.85oz each),"		$3.79/ea($14.04/lb)",3.79,ea(,14.04/lb),,
7846,Health Valley Apple Cobbler Cereal Bars,Health Valley Apple Cobbler Cereal Bars,gro_cerea,pantry,6pc (1.3oz),"		$3.69/ea($7.53/lb)",3.69,ea(,7.53/lb),,
7847,Health Valley Organic Amaranth Flakes Cereal,Health Valley Organic Amaranth Flakes Cereal,gro_cerea,pantry,11oz,"		$4.49/ea($6.51/lb)",4.49,ea(,6.51/lb),,
7848,Health Valley Organic Oat Bran Flakes Cereal,Health Valley Organic Oat Bran Flakes Cereal,gro_cerea,pantry,11oz,"		$4.49/ea($6.51/lb)",4.49,ea(,6.51/lb),,
7861,Kellogg's Apple Jacks Cereal,Kellogg's Apple Jacks Cereal,gro_cerea,pantry,11oz,"		$4.59/ea($6.65/lb)",4.59,ea(,6.65/lb),,
7862,Kellogg's Cocoa Krispies Cereal,Kellogg's Cocoa Krispies Cereal,gro_cerea,pantry,16.5oz,"		$4.59/ea($4.46/lb)",4.59,ea(,4.46/lb),,
7863,Kellogg's Corn Pops Cereal,Kellogg's Corn Pops Cereal,gro_cerea,pantry,12.5oz,"		$4.59/ea($5.88/lb)",4.59,ea(,5.88/lb),,
7864,Kellogg's Frosted Mini-Wheats Chocolate Little Bites Cereal,Kellogg's Frosted Mini-Wheats Chocolate Little Bites Cereal,gro_cerea,pantry,15.2oz,"		$3.99/ea($4.20/lb)",3.99,ea(,4.20/lb),,
7865,Kellogg's Fun Pak Assorted Cereals,Kellogg's Fun Pak Assorted Cereals,gro_cerea,pantry,8pk (8.5oz),"		$3.99/ea($7.53/lb)",3.99,ea(,7.53/lb),,
7866,Kellogg's Low-Fat Granola Cereal,Kellogg's Low-Fat Granola Cereal,gro_cerea,pantry,10.6oz,"		$4.19/ea($6.35/lb)",4.19,ea(,6.35/lb),,
7867,Kellogg's Low-Fat Granola Cereal with Raisins,Kellogg's Low-Fat Granola Cereal with Raisins,gro_cerea,pantry,10.6oz,"		$4.19/ea",4.19,ea,,,
7868,"Kellogg's Nutri-Grain Soft Baked Breakfast Bars, Cherry","Kellogg's Nutri-Grain Soft Baked Breakfast Bars, Cherry",gro_cerea,pantry,8pc (10.4oz),"		$3.99/ea($6.14/lb)",3.99,ea(,6.14/lb),,
7869,"Kellogg's Nutri-Grain Soft Baked Breakfast Bars, Mixed Berry","Kellogg's Nutri-Grain Soft Baked Breakfast Bars, Mixed Berry",gro_cerea,pantry,8pc (10.4oz),"		$3.99/ea($6.14/lb)",3.99,ea(,6.14/lb),,
7870,Kellogg's Pop-Tarts Frosted Brown Sugar Cinnamon Toaster Pastries,Kellogg's Pop-Tarts Frosted Brown Sugar Cinnamon Toaster Pastries,gro_cerea,pantry,8pc (14oz),"		$2.99/ea($3.40/lb)",2.99,ea(,3.40/lb),,
7871,Kellogg's Pop-Tarts Frosted Strawberry with Sprinkles Toaster Pastries,Kellogg's Pop-Tarts Frosted Strawberry with Sprinkles Toaster Pastries,gro_cerea,pantry,12pc (22oz),"		$3.59/ea($2.60/lb)",3.59,ea(,2.60/lb),,
7872,Kellogg's Pop-Tarts S'Mores Toaster Pastries,Kellogg's Pop-Tarts S'Mores Toaster Pastries,gro_cerea,pantry,8pc (14.7oz),"		$2.99/ea($3.25/lb)",2.99,ea(,3.25/lb),,
7873,Kellogg's Product 19 Cereal,Kellogg's Product 19 Cereal,gro_cerea,pantry,12oz,"		$5.19/ea($6.92/lb)",5.19,ea(,6.92/lb),,
7887,Kretschmer Regular Wheat Germ,Kretschmer Regular Wheat Germ,gro_cerea,pantry,20oz,"		$5.79/ea($4.63/lb)",5.79,ea(,4.63/lb),,
7901,"McCann's Instant Irish Oatmeal, Apple Cinnamon","McCann's Instant Irish Oatmeal, Apple Cinnamon",gro_cerea,pantry,"12.5oz (10pk, 1.25oz ea)","		$4.49/ea($5.76/lb)",4.49,ea(,5.76/lb),,
7902,"McCann's Instant Irish Oatmeal, Variety Pack","McCann's Instant Irish Oatmeal, Variety Pack",gro_cerea,pantry,"12.75oz (10pk, 1.27 oz ea)","		$4.49/ea($5.61/lb)",4.49,ea(,5.61/lb),,
7903,McCann's Steel-Cut Irish Oatmeal,McCann's Steel-Cut Irish Oatmeal,gro_cerea,pantry,16oz,"		$3.69/ea($3.69/lb)",3.69,ea(,3.69/lb),,
7904,Nabisco Cream of Wheat Hot Farina Cereal 2.5 minute,Nabisco Cream of Wheat Hot Farina Cereal 2.5 minute,gro_cerea,pantry,28oz,"		$4.59/ea($2.62/lb)",4.59,ea(,2.62/lb),,
7905,Nature's Path Organic Flax n' Oats Instant Oatmeal,Nature's Path Organic Flax n' Oats Instant Oatmeal,gro_cerea,pantry,"14oz (8pk, 1.75oz ea)","		$3.79/ea($4.31/lb)",3.79,ea(,4.31/lb),,
7906,Nature's Path Organic Flax Plus Pumpkin Raisin Crunch,Nature's Path Organic Flax Plus Pumpkin Raisin Crunch,gro_cerea,pantry,10.6oz,"		$3.99/ea($6.05/lb)",3.99,ea(,6.05/lb),,
7907,Nature's Path Organic Flax Plus Red Berry Crunch,Nature's Path Organic Flax Plus Red Berry Crunch,gro_cerea,pantry,10.6oz,"		$3.99/ea($6.05/lb)",3.99,ea(,6.05/lb),,
7908,Nature's Path Organic Maple Nut Instant Oatmeal,Nature's Path Organic Maple Nut Instant Oatmeal,gro_cerea,pantry,"14oz (8pk, 1.75oz ea)","		$3.79/ea($4.31/lb)",3.79,ea(,4.31/lb),,
7909,Nature's Path Organic Pumpkin Flax Plus,Nature's Path Organic Pumpkin Flax Plus,gro_cerea,pantry,11.5oz,"		$3.79/ea($5.26/lb)",3.79,ea(,5.26/lb),,
7910,Nature's Path Organic Variety Pack Instant Oatmeal,Nature's Path Organic Variety Pack Instant Oatmeal,gro_cerea,pantry,"14oz (8pk, 1.75oz ea)","		$3.79/ea($4.31/lb)",3.79,ea(,4.31/lb),,
7911,Post Cocoa Pebbles Cereal,Post Cocoa Pebbles Cereal,gro_cerea,pantry,15oz,"		$4.79/ea($5.10/lb)",4.79,ea(,5.10/lb),,
7912,Post Honey Bunches of Oats with Real Strawberries,post honey bunches of oats,gro_cerea,pantry,13oz,"		$4.59/ea($5.67/lb)",4.59,ea(,5.67/lb),,
7913,Post Honey-Comb Cereal,Post Honey-Comb Cereal,gro_cerea,pantry,12.5oz,"		$4.59/ea($5.88/lb)",4.59,ea(,5.88/lb),,
7914,Post Raisin Bran Cereal,Post Raisin Bran Cereal,gro_cerea,pantry,20oz,"		$4.29/ea($3.43/lb)",4.29,ea(,3.43/lb),,
7915,Post Selects Blueberry Morning Cereal,Post Selects Blueberry Morning Cereal,gro_cerea,pantry,13.5oz,"		$4.49/ea($5.35/lb)",4.49,ea(,5.35/lb),,
7916,Quaker Apple Cinnamon Instant Oatmeal,Quaker Apple Cinnamon Instant Oatmeal,gro_cerea,pantry,"15.1oz (10pk, 1.51oz ea)","		$4.79/ea($5.10/lb)",4.79,ea(,5.10/lb),,
7917,Quaker Chewy Granola Bar Variety Pack,Quaker Chewy Granola Bar Variety Pack,gro_cerea,pantry,8pk (6.7oz),"		$3.69/ea($8.79/lb)",3.69,ea(,8.79/lb),,
7918,Quaker Chewy Low Fat Chocolate Granola Bars,Quaker Chewy Low Fat Chocolate Granola Bars,gro_cerea,pantry,8pk (6.7oz),"		$3.69/ea($8.79/lb)",3.69,ea(,8.79/lb),,
7919,Quaker Chewy Oatmeal Raisin Granola Bars,Quaker Chewy Oatmeal Raisin Granola Bars,gro_cerea,pantry,8pk (6.7oz),"		$3.69/ea($8.79/lb)",3.69,ea(,8.79/lb),,
7920,Quaker Quick Grits,Quaker Quick Grits,gro_cerea,pantry,24oz,"		$2.39/ea($1.59/lb)",2.39,ea(,1.59/lb),,
7921,Quaker Raisin & Spice Instant Oatmeal,Quaker Raisin & Spice Instant Oatmeal,gro_cerea,pantry,"15.1oz (10pk, 1.51oz ea)","		$4.59/ea($4.88/lb)",4.59,ea(,4.88/lb),,
7924,Uncle Sam Original Toasted Whole-Wheat Flakes & Flaxseed,Uncle Sam Original Toasted Whole-Wheat Flakes & Flaxseed,gro_cerea,pantry,10oz,"		$3.19/ea($5.06/lb)",3.19,ea(,5.06/lb),,
7925,Wild Harvest Natural Blueberry Flax Granola,Wild Harvest Natural Blueberry Flax Granola,gro_cerea,pantry,13oz,"		$4.49/ea($5.54/lb)",4.49,ea(,5.54/lb),,
7926,Wild Harvest Natural Wholesome Raisin Bran Cereal,Wild Harvest Natural Wholesome Raisin Bran Cereal,gro_cerea,pantry,14oz,"		$4.49/ea",4.49,ea,,,
7927,Enjoy Life Gluten-Free Oven-Baked Mixed Berry Chewy Bars,Enjoy Life Gluten-Free Oven-Baked Mixed Berry Chewy Bars,gro_cerea,pantry,5oz,"		$4.49/ea($14.48/lb)",4.49,ea(,14.48/lb),,
7930,familia Original Swiss Müesli Cereal,familia Original Swiss Müesli Cereal,gro_cerea,pantry,32oz,"		$5.79/ea($2.90/lb)",5.79,ea(,2.90/lb),,
7931,"Food For Life Ezekiel 4:9 Organic Sprouted Whole Grain Cereal, Original","Food For Life Ezekiel 4:9 Organic Sprouted Whole Grain Cereal, Original",gro_cerea,pantry,16oz,"		$5.49/ea($5.49/lb)",5.49,ea(,5.49/lb),,
7936,Kellogg's Frosted Flakes,Kellogg's Frosted Flakes,gro_cerea,pantry,26.8oz,"		$6.59/ea($3.93/lb)",6.59,ea(,3.93/lb),,
7938,Kellogg's Pop-Tarts Strawberry Toaster Pastries,Kellogg's Pop-Tarts Strawberry Toaster Pastries,gro_cerea,pantry,12pc (22oz),"		$3.59/ea($2.60/lb)",3.59,ea(,2.60/lb),,
7939,Kellogg's Wellness Assortment Cereal Cups,Kellogg's Wellness Assortment Cereal Cups,gro_cerea,pantry,60 ct,"		$74.69/cs($1.24/ct)",74.69,cs(,1.24/ct),,
7955,Post Honey Graham Oh!s Cereal,Post Honey Graham Oh!s Cereal,gro_cerea,pantry,10.5oz,"		$3.79/ea($5.74/lb)",3.79,ea(,5.74/lb),,
7960,Quaker Chewy Peanut Butter Granola Bars,Quaker Chewy Peanut Butter Granola Bars,gro_cerea,pantry,8pk (6.7oz),"		$3.69/ea($1.10/lb)",3.69,ea(,1.10/lb),,
7961,"Quaker Organic Instant Oatmeal, Regular","Quaker Organic Instant Oatmeal, Regular",gro_cerea,pantry,7.9oz,"		$4.99/ea",4.99,ea,,,
7972,EnviroKidz Organic Gorilla Munch Cereal,EnviroKidz Organic Gorilla Munch Cereal,gro_cerea,pantry,10oz,"		$0.00/null($0.00/lb)",0,null(,0.00/lb),,
7973,"General Mills Chex Cereal, Apple Cinnamon, Gluten Free","General Mills Chex Cereal, Apple Cinnamon, Gluten Free",gro_cerea,pantry,12.4oz,"		$0.00/null($0.00/lb)",0,null(,0.00/lb),,
7974,"General Mills Chex Cereal, Corn","General Mills Chex Cereal, Corn",gro_cerea,pantry,12oz,"		$0.00/null($0.00/lb)",0,null(,0.00/lb),,
7975,General Mills Cocoa Puffs Cereal,General Mills Cocoa Puffs Cereal,gro_cerea,pantry,11.8oz,"		$0.00/null($0.00/lb)",0,null(,0.00/lb),,
7976,General Mills Golden Grahams Cereal,General Mills Golden Grahams Cereal,gro_cerea,pantry,12oz,"		$0.00/null($0.00/lb)",0,null(,0.00/lb),,
7977,General Mills Lucky Charms Cereal,General Mills Lucky Charms Cereal,gro_cerea,pantry,11.5oz,"		$0.00/null($0.00/lb)",0,null(,0.00/lb),,
7978,"Just FreshDirect Granola, Apricot & Pistachio","Just FreshDirect Granola, Apricot & Pistachio",gro_cerea,pantry,13oz,"		$0.00/null($0.00/lb)",0,null(,0.00/lb),,
7979,Quaker Regular Instant Oatmeal,Quaker Regular Instant Oatmeal,gro_cerea,pantry,"11.8oz (12pk, 0.975oz ea)","		$0.00/null($0.00/lb)",0,null(,0.00/lb),,
7980,Fiber One Nutty Clusters & Almonds Cereal,Fiber One Nutty Clusters & Almonds Cereal,gro_cerea,pantry,16.1oz,"		$0.00/null($0.00/lb)",0,null(,0.00/lb),,
7981,General Mills Fiber One Raisin Bran Clusters Cereal,General Mills Fiber One Raisin Bran Clusters Cereal,gro_cerea,pantry,17.25oz,"		$0.00/null($0.00/lb)",0,null(,0.00/lb),,
7983,Kellogg's Mueslix Cereal,Kellogg's Mueslix Cereal,gro_cerea,pantry,15.3oz,"		$0.00/null($0.00/lb)",0,null(,0.00/lb),,
7986,Post Selects Banana Nut Crunch Cereal,Post Selects Banana Nut Crunch Cereal,gro_cerea,pantry,15.5oz,"		$0.00/null($0.00/lb)",0,null(,0.00/lb),,
7987,Post Shredded Wheat,Post Shredded Wheat,gro_cerea,pantry,15oz,"		$0.00/null($0.00/lb)",0,null(,0.00/lb),,
7988,Quaker Cap'n Crunch Cereal,Quaker Cap'n Crunch Cereal,gro_cerea,pantry,14oz,"		$0.00/null($0.00/lb)",0,null(,0.00/lb),,
7989,Quaker Chewy S'mores Granola Bars,Quaker Chewy S'mores Granola Bars,gro_cerea,pantry,8pk (6.7oz),"		$0.00/null($0.00/lb)",0,null(,0.00/lb),,
7990,"Little Duck Organics Mighty Oats Instant Super Cereal, Coconut & Banana","Little Duck Organics Mighty Oats Instant Super Cereal, Coconut & Banana",gro_cerea,pantry,3pk," 	$0.00/null $5.49($0.00/ct)",0,null ,5.49(0.00/ct),0.00/ct),
7991,"Little Duck Organics Mighty Oats Instant Super Cereal, Vanilla & Strawberry","Little Duck Organics Mighty Oats Instant Super Cereal, Vanilla & Strawberry",gro_cerea,pantry,3pk," 	$0.00/null $5.49($0.00/ct)",0,null ,5.49(0.00/ct),0.00/ct),
8014,"Plainville Farms Ground Turkey, Raised Without Antibiotics","Plainville Farms Ground Turkey, Raised Without Antibiotics",grnd,meat,(1lb per pack),"		$5.99/ea",5.99,ea,,,
8015,"Plainville Farms Lean Ground Turkey Breast, Raised Without Antibiotics","Plainville Farms Lean Ground Turkey Breast, Raised Without Antibiotics",grnd,meat,(1lb per pack),"		$7.49/ea",7.49,ea,,,
8017,"Plainville Farms Ground Turkey, Organic","Plainville Farms Ground Turkey, Organic",grnd,meat,(1lb per pack),"		$7.99/ea",7.99,ea,,,
8023,FreshDirect Chipotle Chicken & Rice Bowl (Chicken Raised w/o Antibiotics),FreshDirect Chipotle Chicken & Rice Bowl (Chicken Raised w/o Antibiotics),hmr_fresh_rosa,4mm,13.5oz,"		$8.99/ea($10.70/lb)",8.99,ea(,10.70/lb),,
8024,FreshDirect Chicken Mole Enchilada (Chicken Raised w/o Antibiotics),FreshDirect Chicken Mole Enchilada (Chicken Raised w/o Antibiotics),hmr_fresh_rosa,4mm,12.5oz,"		$8.99/ea($11.53/lb)",8.99,ea(,11.53/lb),,
8025,FreshDirect Frozen Spicy Rice & Bean Burrito,FreshDirect Frozen Spicy Rice & Bean Burrito,hmr_fresh_rosa,4mm,10.5oz,"		$6.99/ea($10.59/lb)",6.99,ea(,10.59/lb),,
8026,FreshDirect Ranchera Chicken Enchiladas (Chicken Raised w/o Antibiotics),FreshDirect Ranchera Chicken Enchiladas (Chicken Raised w/o Antibiotics),hmr_fresh_rosa,4mm,13.6oz,"		$8.99/ea($10.58/lb)",8.99,ea(,10.58/lb),,
8027,FreshDirect Spinach & Mushroom Enchiladas Verdes,FreshDirect Spinach & Mushroom Enchiladas Verdes,hmr_fresh_rosa,4mm,12.5oz,"		$7.99/ea($10.24/lb)",7.99,ea(,10.24/lb),,
8028,FreshDirect Sustainable Salmon with Chipotle Sauce,FreshDirect Sustainable Salmon with Chipotle Sauce,hmr_fresh_rosa,4mm,13.3oz,"		$9.99/ea($12.04/lb)",9.99,ea(,12.04/lb),,
8036,Bumble Bee Super Fresh Lemon Shrimp with Garlic & Herbs,Bumble Bee Super Fresh Lemon Shrimp with Garlic & Herbs,fro_seafo,frozen,9.6oz,"		$9.99/ea($16.65/lb)",9.99,ea(,16.65/lb),,
8037,Bumble Bee Super Fresh Salmon with Garlicky Black Pepper & Extra Virgin Olive Oil,Bumble Bee Super Fresh Salmon with Garlicky Black Pepper & Extra Virgin Olive Oil,fro_seafo,frozen,9.2oz,"		$9.99/ea($17.22/lb)",9.99,ea(,17.22/lb),,
8038,Bumble Bee Super Fresh Tilapia with Garlic & Extra Virgin Olive Oil,Bumble Bee Super Fresh Tilapia with Garlic & Extra Virgin Olive Oil,fro_seafo,frozen,9.2oz,"		$8.99/ea($15.50/lb)",8.99,ea(,15.50/lb),,
8039,Bumble Bee Super Fresh Tilapia with Lemon Pepper & Herbs,Bumble Bee Super Fresh Tilapia with Lemon Pepper & Herbs,fro_seafo,frozen,9.2oz,"		$8.99/ea($15.50/lb)",8.99,ea(,15.50/lb),,
8040,Gorton's Fish Sticks Value Pack,Gorton's Fish Sticks Value Pack,fro_seafo,frozen,24.5oz,"		$8.59/ea($5.61/lb)",8.59,ea(,5.61/lb),,
8041,"Absolutely Lobster Microwaveable Frozen Lobster Tail, Classic Butter","Absolutely Lobster Microwaveable Frozen Lobster Tail, Classic Butter",fro_seafo,frozen,"2 tails, approx 13oz","		$29.99/ea($15.00/ct)",29.99,ea(,15.00/ct),,
8042,"Absolutely Lobster Microwaveable Frozen Lobster Tail, Truffle Butter","Absolutely Lobster Microwaveable Frozen Lobster Tail, Truffle Butter",fro_seafo,frozen,"2 tails, approx 13oz","		$29.99/ea($15.00/ct)",29.99,ea(,15.00/ct),,
8043,"FreshDirect Crab Cakes Family Pack, Frozen","FreshDirect Crab Cakes Family Pack, Frozen",fro_seafo,frozen,10pc (35oz),"		$49.99/10pcs",49.99,10pcs,,,
8065,"Pat LaFrieda Turkey Burgers, 100% Breast Meat, Fresh","Pat LaFrieda Turkey Burgers, 100% Breast Meat, Fresh",rtc_kabo,rtc,"4pk, 6oz ea","		$6.99/lb",6.99,lb,,,
8076,Filet Mignon Shish Kabob,Filet Mignon Shish Kabob,rtc_kabo,rtc,4 skewers per pack," 	$0.00/null $12.99",0,null ,12.99,,
8080,O-Live & Co. Extra-Virgin Premium Olive Oil,O-Live & Co. Extra-Virgin Premium Olive Oil,pas_oil,pasta,25oz,"		$10.69/ea($6.85/pt)",10.69,ea(,6.85/pt),,
8081,Bel Aria Extra-Virgin Olive Oil,Bel Aria Extra-Virgin Olive Oil,pas_oil,pasta,34oz (1L),"		$10.29/ea($4.83/pt)",10.29,ea(,4.83/pt),,
8082,California Olive Ranch Everyday Extra-Virgin Olive Oil,California Olive Ranch Everyday Extra-Virgin Olive Oil,pas_oil,pasta,1 liter,"		$14.99/ea",14.99,ea,,,
8083,Bertolli Classico Olive Oil,Bertolli Classico Olive Oil,pas_oil,pasta,25.5oz,"		$10.99/ea($6.91/pt)",10.99,ea(,6.91/pt),,
8084,Bertolli Extra Light Olive Oil,Bertolli Extra Light Olive Oil,pas_oil,pasta,25.5oz,"		$10.99/ea($6.91/pt)",10.99,ea(,6.91/pt),,
8085,De Nigris Balsamic Vinegar of Modena 4 Star,De Nigris Balsamic Vinegar of Modena 4 Star,pas_oil,pasta,500ml,"		$2.79/ea($2.63/pt)",2.79,ea(,2.63/pt),,
8086,Filippo Berio Olive Oil,Filippo Berio Olive Oil,pas_oil,pasta,17oz (500ml),"		$6.69/ea($6.31/pt)",6.69,ea(,6.31/pt),,
8087,Just FreshDirect Extra-Virgin Olive Oil,Just FreshDirect Extra-Virgin Olive Oil,pas_oil,pasta,3 liters,"		$31.99/ea($6.40/pt)",31.99,ea(,6.40/pt),,
8089,O-Live & Co. First Press First Cold Press 100% Extra-Virgin Olive Oil,O-Live & Co. First Press First Cold Press 100% Extra-Virgin Olive Oil,pas_oil,pasta,16.9oz,"		$8.99/ea($8.48/pt)",8.99,ea(,8.48/pt),,
8091,Bel Aria Balsamic Vinegar,Bel Aria Balsamic Vinegar,pas_oil,pasta,17oz,"		$3.29/ea($3.10/pt)",3.29,ea(,3.10/pt),,
8092,California Olive Ranch Arbequina Extra-Virgin Olive Oil,California Olive Ranch Arbequina Extra-Virgin Olive Oil,pas_oil,pasta,500ml,"		$9.99/ea($9.42/pt)",9.99,ea(,9.42/pt),,
8093,California Olive Ranch Everyday Extra-Virgin Olive Oil,California Olive Ranch Everyday Extra-Virgin Olive Oil,pas_oil,pasta,500ml,"		$9.29/ea($8.76/pt)",9.29,ea(,8.76/pt),,
8094,Casa Pareja Spanish Organic Extra-Virgin Olive Oil (Cold Extraction),Casa Pareja Spanish Organic Extra-Virgin Olive Oil (Cold Extraction),pas_oil,pasta,750ml,"		$14.69/ea($9.24/pt)",14.69,ea(,9.24/pt),,
8095,De Nigris Balsamic Vinegar of Modena 8 Star,De Nigris Balsamic Vinegar of Modena 8 Star,pas_oil,pasta,250ml,"		$6.49/ea($12.25/pt)",6.49,ea(,12.25/pt),,
8096,De Nigris Biancoro White Balsamic Vinegar,De Nigris Biancoro White Balsamic Vinegar,pas_oil,pasta,500ml,"		$3.69/ea($3.48/pt)",3.69,ea(,3.48/pt),,
8097,Frantoia Extra-Virgin Olive Oil,Frantoia Extra-Virgin Olive Oil,pas_oil,pasta,34oz (1L),"		$20.79/ea($9.76/pt)",20.79,ea(,9.76/pt),,
8098,Iliada Kalamata Extra-Virgin Olive Oil,Iliada Kalamata Extra-Virgin Olive Oil,pas_oil,pasta,25oz (750mL),"		$10.29/ea($6.60/pt)",10.29,ea(,6.60/pt),,
8099,Just FreshDirect Balsamic Cream of Modena,Just FreshDirect Balsamic Cream of Modena,pas_oil,pasta,8.45oz,"		$5.99/ea($11.30/pt)",5.99,ea(,11.30/pt),,
8100,"Just FreshDirect Balsamic Vinegar of Modena, Density 1.12","Just FreshDirect Balsamic Vinegar of Modena, Density 1.12",pas_oil,pasta,250ml,"		$6.49/ea($12.25/pt)",6.49,ea(,12.25/pt),,
8101,"Just FreshDirect Balsamic Vinegar of Modena, Density 1.16","Just FreshDirect Balsamic Vinegar of Modena, Density 1.16",pas_oil,pasta,250ml,"		$7.99/ea($15.08/pt)",7.99,ea(,15.08/pt),,
8102,Monari Green Label Balsamic Vinegar,Monari Green Label Balsamic Vinegar,pas_oil,pasta,17oz,"		$4.59/ea($4.33/pt)",4.59,ea(,4.33/pt),,
8103,Monini Fruttato Extra-Virgin Olive Oil,Monini Fruttato Extra-Virgin Olive Oil,pas_oil,pasta,34oz (1L),"		$14.99/ea($7.04/pt)",14.99,ea(,7.04/pt),,
8104,Monini OilBios Organic Extra-Virgin Olive Oil,Monini OilBios Organic Extra-Virgin Olive Oil,pas_oil,pasta,17oz (500mL),"		$14.69/ea($13.86/pt)",14.69,ea(,13.86/pt),,
8106,Bertolli Extra Virgin Olive Oil,Bertolli Extra Virgin Olive Oil,pas_oil,pasta,25.5oz,"		$16.99/ea($10.66/pt)",16.99,ea(,10.66/pt),,
8107,Castello di Poppiano Extra-Virgin Olive Oil,Castello di Poppiano Extra-Virgin Olive Oil,pas_oil,pasta,500ml (17oz),"		$22.99/ea($21.69/pt)",22.99,ea(,21.69/pt),,
8108,Castello di Poppiano Laudemio Extra-Virgin Olive Oil,Castello di Poppiano Laudemio Extra-Virgin Olive Oil,pas_oil,pasta,500ml (17oz),"		$29.99/ea($28.29/pt)",29.99,ea(,28.29/pt),,
8109,Da Rosario Black & White Truffle Flavored Olive Oil Set,Da Rosario Black & White Truffle Flavored Olive Oil Set,pas_oil,pasta,2 bottles (1.76oz each),"		$14.99/ea",14.99,ea,,,
8110,De Nigris 25-Year-Old Balsamic Vinegar,De Nigris 25-Year-Old Balsamic Vinegar,pas_oil,pasta,100ml,"		$40.99/ea($6.56/pt)",40.99,ea(,6.56/pt),,
8111,De Nigris Aged Balsamic Vinegar of Modena,De Nigris Aged Balsamic Vinegar of Modena,pas_oil,pasta,8.5 oz,"		$19.99/ea($37.72/pt)",19.99,ea(,37.72/pt),,
8112,De Nigris Bio Balsamic Vinegar of Modena,De Nigris Bio Balsamic Vinegar of Modena,pas_oil,pasta,8.5oz,"		$13.29/ea($25.08/pt)",13.29,ea(,25.08/pt),,
8113,De Nigris Fig Balsamic Vinegar,De Nigris Fig Balsamic Vinegar,pas_oil,pasta,250ml,"		$11.29/ea($21.30/pt)",11.29,ea(,21.30/pt),,
8114,Filippo Berio Extra Virgin Olive Oil,Filippo Berio Extra Virgin Olive Oil,pas_oil,pasta,50.7oz (1500ml),"		$23.99/ea($7.57/pt)",23.99,ea(,7.57/pt),,
8115,Filippo Berio Extra Virgin Olive Oil,Filippo Berio Extra Virgin Olive Oil,pas_oil,pasta,25.3oz (748ml),"		$13.99/ea($8.85/pt)",13.99,ea(,8.85/pt),,
8116,Filippo Berio Extra Virgin Olive Oil,Filippo Berio Extra Virgin Olive Oil,pas_oil,pasta,16.9oz (500ml),"		$9.99/ea($9.46/pt)",9.99,ea(,9.46/pt),,
8117,Filippo Berio Olive Oil,Filippo Berio Olive Oil,pas_oil,pasta,25.3oz (748ml),"		$11.99/ea($7.58/pt)",11.99,ea(,7.58/pt),,
8118,"Just FreshDirect Balsamic Vinegar of Modena, Density 1.33","Just FreshDirect Balsamic Vinegar of Modena, Density 1.33",pas_oil,pasta,250ml,"		$14.99/ea($28.28/pt)",14.99,ea(,28.28/pt),,
8120,Lucini Italia 10-Year Gran Riserva Balsamico,Lucini Italia 10-Year Gran Riserva Balsamico,pas_oil,pasta,8.5oz,"		$11.99/ea($22.62/pt)",11.99,ea(,22.62/pt),,
8121,Monini Amabile DOP Umbria Extra-Virgin Olive Oil,Monini Amabile DOP Umbria Extra-Virgin Olive Oil,pas_oil,pasta,500ml (17oz),"		$16.49/ea($15.56/pt)",16.49,ea(,15.56/pt),,
8122,Monini Originale Extra-Virgin Olive Oil,Monini Originale Extra-Virgin Olive Oil,pas_oil,pasta,34oz (1L),"		$14.99/ea($7.04/pt)",14.99,ea(,7.04/pt),,
8125,Roland White Truffle Oil,Roland White Truffle Oil,pas_oil,pasta,3.4oz,"		$11.99/ea($57.10/pt)",11.99,ea(,57.10/pt),,
8126,Tito's Handmade Vodka,Tito's Handmade Vodka,vin_spirits_vodka,wine,750ml,"		$21.99/ea($29.32/l)",21.99,ea(,29.32/l),,
8128,Absolut Vodka,Absolut Vodka,vin_spirits_vodka,wine,750ml,"		$24.99/ea($33.32/l)",24.99,ea(,33.32/l),,
8130,Absolut Vodka,Absolut Vodka,vin_spirits_vodka,wine,1.75L (1750ml),"		$42.99/ea($24.57/l)",42.99,ea(,24.57/l),,
8131,Belvedere Vodka,Belvedere Vodka,vin_spirits_vodka,wine,750ml,"		$34.99/ea($46.65/l)",34.99,ea(,46.65/l),,
8132,Crop Organic Cucumber Vodka,Crop Organic Cucumber Vodka,vin_spirits_vodka,wine,750ml,"		$24.99/ea($33.32/l)",24.99,ea(,33.32/l),,
8133,CÎROC Vodka,CÎROC Vodka,vin_spirits_vodka,wine,750ml,"		$39.99/ea($53.32/l)",39.99,ea(,53.32/l),,
8134,"CÎROC Vodka, Coconut","CÎROC Vodka, Coconut",vin_spirits_vodka,wine,750ml,"		$39.99/ea($53.32/l)",39.99,ea(,53.32/l),,
8135,"CÎROC Vodka, Peach","CÎROC Vodka, Peach",vin_spirits_vodka,wine,750ml,"		$39.99/ea($53.32/l)",39.99,ea(,53.32/l),,
8137,Grey Goose Original Vodka,Grey Goose Original Vodka,vin_spirits_vodka,wine,1L (1000ml),"		$46.99/ea($46.99/l)",46.99,ea(,46.99/l),,
8138,Grey Goose Original Vodka,Grey Goose Original Vodka,vin_spirits_vodka,wine,750ml,"		$39.99/ea($53.32/l)",39.99,ea(,53.32/l),,
8139,"Grey Goose Vodka, L'Orange","Grey Goose Vodka, L'Orange",vin_spirits_vodka,wine,750ml,"		$39.99/ea($53.32/l)",39.99,ea(,53.32/l),,
8140,"Grey Goose Vodka, Le Citron","Grey Goose Vodka, Le Citron",vin_spirits_vodka,wine,750ml,"		$39.99/ea($53.32/l)",39.99,ea(,53.32/l),,
8142,Ketel One Vodka,Ketel One Vodka,vin_spirits_vodka,wine,750ml,"		$33.99/ea($45.32/l)",33.99,ea(,45.32/l),,
8144,Ketel One Vodka,Ketel One Vodka,vin_spirits_vodka,wine,1L (1000ml),"		$39.99/ea($39.99/l)",39.99,ea(,39.99/l),,
8146,Pinnacle 80 Vodka,Pinnacle 80 Vodka,vin_spirits_vodka,wine,1.75L (1750ml),"		$21.99/ea($12.57/l)",21.99,ea(,12.57/l),,
8147,Pinnacle Whipped Vodka,Pinnacle Whipped Vodka,vin_spirits_vodka,wine,750ml,"		$16.99/ea($22.65/l)",16.99,ea(,22.65/l),,
8148,Kahlúa Coffee Liqueur,Kahlúa Coffee Liqueur,vin_spirits_vodka,wine,750ml,"		$24.99/ea($33.32/l)",24.99,ea(,33.32/l),,
8149,Smirnoff No. 21 Classic Vodka,Smirnoff No. 21 Classic Vodka,vin_spirits_vodka,wine,750ml,"		$17.99/ea($23.99/l)",17.99,ea(,23.99/l),,
8150,"Smirnoff No. 21 Vodka, Orange","Smirnoff No. 21 Vodka, Orange",vin_spirits_vodka,wine,750ml,"		$17.99/ea($23.99/l)",17.99,ea(,23.99/l),,
8151,"Smirnoff No. 21 Vodka, Vanilla","Smirnoff No. 21 Vodka, Vanilla",vin_spirits_vodka,wine,750ml,"		$17.99/ea($23.99/l)",17.99,ea(,23.99/l),,
8152,Sobieski Vodka,Sobieski Vodka,vin_spirits_vodka,wine,1L,"		$16.99/ea($16.99/l)",16.99,ea(,16.99/l),,
8153,Sobieski Vodka,Sobieski Vodka,vin_spirits_vodka,wine,1.75L (1750ml),"		$24.99/ea($14.28/l)",24.99,ea(,14.28/l),,
8156,Stolichnaya Premium Vodka,Stolichnaya Premium Vodka,vin_spirits_vodka,wine,1L (1000ml),"		$27.99/ea($27.99/l)",27.99,ea(,27.99/l),,
8157,Svedka Vodka,Svedka Vodka,vin_spirits_vodka,wine,750ml,"		$15.99/ea($21.32/l)",15.99,ea(,21.32/l),,
8158,Tito's Handmade Vodka,Tito's Handmade Vodka,vin_spirits_vodka,wine,1.75L (1750ml),"		$0.00/null($0.00/l)",0,null(,0.00/l),,
8191,Barilla ProteinPLUS Multigrain Penne,Barilla ProteinPLUS Multigrain Penne,pas_wwhfbr,pasta,14.5oz,"		$2.39/ea($2.63/lb)",2.39,ea(,2.63/lb),,
8192,Annie's Homegrown Organic Whole Wheat Shells & Cheddar Macaroni & Cheese,Annie's Homegrown Organic Whole Wheat Shells & Cheddar Macaroni & Cheese,pas_wwhfbr,pasta,6oz,"		$2.69/ea($7.08/lb)",2.69,ea(,7.08/lb),,
8193,Barilla ProteinPLUS Multigrain Elbows,Barilla ProteinPLUS Multigrain Elbows,pas_wwhfbr,pasta,14.5oz,"		$2.49/ea($2.74/lb)",2.49,ea(,2.74/lb),,
8194,Barilla ProteinPLUS Multigrain Farfalle,Barilla ProteinPLUS Multigrain Farfalle,pas_wwhfbr,pasta,14.5oz,"		$2.49/ea($2.74/lb)",2.49,ea(,2.74/lb),,
8195,Barilla ProteinPLUS Multigrain Spaghetti,Barilla ProteinPLUS Multigrain Spaghetti,pas_wwhfbr,pasta,14.5oz,"		$2.49/ea($2.74/lb)",2.49,ea(,2.74/lb),,
8196,Barilla ProteinPLUS Multigrain Thin Spaghetti,Barilla ProteinPLUS Multigrain Thin Spaghetti,pas_wwhfbr,pasta,14.5 oz,"		$2.49/ea($2.74/lb)",2.49,ea(,2.74/lb),,
8199,Bionaturae Organic Whole Wheat Fusilli,Bionaturae Organic Whole Wheat Fusilli,pas_wwhfbr,pasta,16oz,"		$2.99/ea($2.99/lb)",2.99,ea(,2.99/lb),,
8200,De Cecco Whole Wheat Fusilli,De Cecco Whole Wheat Fusilli,pas_wwhfbr,pasta,13.2oz,"		$2.49/ea",2.49,ea,,,
8202,Annie's Homegrown Deluxe Whole Wheat Shells & Extra Cheesy Cheddar Sauce,Annie's Homegrown Deluxe Whole Wheat Shells & Extra Cheesy Cheddar Sauce,pas_wwhfbr,pasta,10.5oz,"		$3.79/ea($5.74/lb)",3.79,ea(,5.74/lb),,
8203,Bionaturae Organic Whole Wheat Lasagne,Bionaturae Organic Whole Wheat Lasagne,pas_wwhfbr,pasta,12oz,"		$3.79/ea($5.05/lb)",3.79,ea(,5.05/lb),,
8204,Bionaturae Organic Whole Wheat Penne Rigate,Bionaturae Organic Whole Wheat Penne Rigate,pas_wwhfbr,pasta,16oz,"		$2.99/ea($2.99/lb)",2.99,ea(,2.99/lb),,
8205,Bionaturae Organic Whole Wheat Rigatoni,Bionaturae Organic Whole Wheat Rigatoni,pas_wwhfbr,pasta,16oz,"		$2.99/ea($2.99/lb)",2.99,ea(,2.99/lb),,
8206,Bionaturae Organic Whole Wheat Spaghetti,Bionaturae Organic Whole Wheat Spaghetti,pas_wwhfbr,pasta,16oz,"		$2.99/ea($2.99/lb)",2.99,ea(,2.99/lb),,
8207,De Cecco Whole Wheat Spaghetti,De Cecco Whole Wheat Spaghetti,pas_wwhfbr,pasta,13.2oz,"		$2.49/ea",2.49,ea,,,
8208,DeBoles Organic Whole Wheat Angel Hair,DeBoles Organic Whole Wheat Angel Hair,pas_wwhfbr,pasta,8oz,"		$2.19/ea($4.38/lb)",2.19,ea(,4.38/lb),,
8209,Garofalo 100% Whole Durum Wheat Farfalle,Garofalo 100% Whole Durum Wheat Farfalle,pas_wwhfbr,pasta,16oz,"		$2.79/ea($2.79/lb)",2.79,ea(,2.79/lb),,
8210,Garofalo 100% Whole Durum Wheat Fusilli,Garofalo 100% Whole Durum Wheat Fusilli,pas_wwhfbr,pasta,16oz,"		$2.79/ea($2.79/lb)",2.79,ea(,2.79/lb),,
8211,Garofalo 100% Whole Durum Wheat Penne Ziti Rigate,Garofalo 100% Whole Durum Wheat Penne Ziti Rigate,pas_wwhfbr,pasta,16oz,"		$2.79/ea($2.79/lb)",2.79,ea(,2.79/lb),,
8212,Garofalo 100% Whole Durum Wheat Semolina Casarecce,Garofalo 100% Whole Durum Wheat Semolina Casarecce,pas_wwhfbr,pasta,16oz,"		$2.79/ea($2.79/lb)",2.79,ea(,2.79/lb),,
8213,Garofalo 100% Whole Durum Wheat Spaghetti,Garofalo 100% Whole Durum Wheat Spaghetti,pas_wwhfbr,pasta,16oz,"		$2.29/ea($2.29/lb)",2.29,ea(,2.29/lb),,
8214,Wild Harvest Organic Whole Wheat Penne,Wild Harvest Organic Whole Wheat Penne,pas_wwhfbr,pasta,12oz,"		$1.79/ea($2.39/lb)",1.79,ea(,2.39/lb),,
8215,Wild Harvest Organic Whole Wheat Rotini,Wild Harvest Organic Whole Wheat Rotini,pas_wwhfbr,pasta,12oz,"		$1.79/ea($2.39/lb)",1.79,ea(,2.39/lb),,
8216,Wild Harvest Organic Whole Wheat Spaghetti,Wild Harvest Organic Whole Wheat Spaghetti,pas_wwhfbr,pasta,12oz,"		$1.79/ea($2.39/lb)",1.79,ea(,2.39/lb),,
8218,True North Farm-Raised Atlantic Salmon Boneless Steak,True North Farm-Raised Atlantic Salmon Boneless Steak,fstk,seafood,NA,"		$11.99/lb",11.99,lb,,,
8219,Wild Swordfish Steak,Wild Swordfish Steak,fstk,seafood,NA,"		$19.99/lb",19.99,lb,,,
8220,Organic Farm-Raised Boneless Salmon Steak,Organic Farm-Raised Boneless Salmon Steak,fstk,seafood,NA,"		$18.99/lb",18.99,lb,,,
8221,True North Farm-Raised Atlantic Salmon Steak,True North Farm-Raised Atlantic Salmon Steak,fstk,seafood,NA,"		$11.99/lb",11.99,lb,,,
8223,"Freshpet Select Slice & Serve Adult Refrigerated Dog Food - Chicken, Vegetable & Rice Recipe","Freshpet Select Slice & Serve Adult Refrigerated Dog Food - Chicken, Vegetable & Rice Recipe",pet_sale,shop,1lb," 	$2.79/ea $3.49Save 20%($2.79/lb)",2.79,ea ,3.49Save 20%(2.79/lb),2.79/lb),
8224,"Freshpet Select Slice & Serve Adult Refrigerated Dog Food - Chunky Beef, Vegetable & Rice Recipe","Freshpet Select Slice & Serve Adult Refrigerated Dog Food - Chunky Beef, Vegetable & Rice Recipe",pet_sale,shop,1.5lb," 	$4.63/ea $5.79Save 20%($3.09/lb)",4.63,ea ,5.79Save 20%(3.09/lb),3.09/lb),
8225,Friskies Fancy Feast Chunky Chicken Wet Cat Food,Friskies Fancy Feast Chunky Chicken Wet Cat Food,pet_sale,shop,3oz.,"		$0.89/eaAny 2 Varieties for $1.50($4.68/lb)Mix'n'Match",0.89,eaAny 2 Varieties for ,1.50(4.68/lb)Mix'n'Match,4.68/lb)Mix'n'Match,
8226,"Friskies Fancy Feast Cod, Sole & Shrimp Wet Cat Food","Friskies Fancy Feast Cod, Sole & Shrimp Wet Cat Food",pet_sale,shop,3oz.,"		$0.89/eaAny 2 Varieties for $1.50($4.68/lb)Mix'n'Match",0.89,eaAny 2 Varieties for ,1.50(4.68/lb)Mix'n'Match,4.68/lb)Mix'n'Match,
8227,Friskies Fancy Feast Flaked Fish & Shrimp Gourmet Wet Cat Food,Friskies Fancy Feast Flaked Fish & Shrimp Gourmet Wet Cat Food,pet_sale,shop,3oz.,"		$0.89/eaAny 2 Varieties for $1.50($4.68/lb)Mix'n'Match",0.89,eaAny 2 Varieties for ,1.50(4.68/lb)Mix'n'Match,4.68/lb)Mix'n'Match,
8228,Friskies Fancy Feast Flaked Tuna Wet Cat Food,Friskies Fancy Feast Flaked Tuna Wet Cat Food,pet_sale,shop,3oz.,"		$0.89/eaAny 2 Varieties for $1.50($4.68/lb)Mix'n'Match",0.89,eaAny 2 Varieties for ,1.50(4.68/lb)Mix'n'Match,4.68/lb)Mix'n'Match,
8229,Friskies Fancy Feast Ocean Whitefish & Tuna Wet Cat Food,Friskies Fancy Feast Ocean Whitefish & Tuna Wet Cat Food,pet_sale,shop,3oz.,"		$0.89/eaAny 2 Varieties for $1.50($4.68/lb)Mix'n'Match",0.89,eaAny 2 Varieties for ,1.50(4.68/lb)Mix'n'Match,4.68/lb)Mix'n'Match,
8230,Friskies Fancy Feast Savory Gourmet Salmon Wet Cat Food,Friskies Fancy Feast Savory Gourmet Salmon Wet Cat Food,pet_sale,shop,3oz.,"		$0.89/eaAny 2 Varieties for $1.50($4.68/lb)Mix'n'Match",0.89,eaAny 2 Varieties for ,1.50(4.68/lb)Mix'n'Match,4.68/lb)Mix'n'Match,
8231,Friskies Fancy Feast Sliced Chicken Hearts & Liver Wet Cat Food,Friskies Fancy Feast Sliced Chicken Hearts & Liver Wet Cat Food,pet_sale,shop,3oz.,"		$0.89/eaAny 2 Varieties for $1.50($4.68/lb)Mix'n'Match",0.89,eaAny 2 Varieties for ,1.50(4.68/lb)Mix'n'Match,4.68/lb)Mix'n'Match,
8232,"Friskies Fancy Feast Wet Cat Food, Turkey & Giblets Feast","Friskies Fancy Feast Wet Cat Food, Turkey & Giblets Feast",pet_sale,shop,3oz.,"		$0.89/eaAny 2 Varieties for $1.50($4.68/lb)Mix'n'Match",0.89,eaAny 2 Varieties for ,1.50(4.68/lb)Mix'n'Match,4.68/lb)Mix'n'Match,
8234,"Earth Rated Poop Bags With Handle, Lavender Scented","Earth Rated Poop Bags With Handle, Lavender Scented",pet_sale,shop,120ct,"		$6.99/eaAny 2 Bags for $13.00($0.06/ct)Mix'n'Match",6.99,eaAny 2 Bags for ,13.00(0.06/ct)Mix'n'Match,0.06/ct)Mix'n'Match,
8235,"Earth Rated Poop Bags, Lavender Scented","Earth Rated Poop Bags, Lavender Scented",pet_sale,shop,120ct,"		$6.99/eaAny 2 Bags for $13.00($0.06/ct)Mix'n'Match",6.99,eaAny 2 Bags for ,13.00(0.06/ct)Mix'n'Match,0.06/ct)Mix'n'Match,
8236,"Earth Rated Poop Bags, Unscented","Earth Rated Poop Bags, Unscented",pet_sale,shop,120ct,"		$6.99/eaAny 2 Bags for $13.00($0.06/ct)Mix'n'Match",6.99,eaAny 2 Bags for ,13.00(0.06/ct)Mix'n'Match,0.06/ct)Mix'n'Match,
8239,"Freshpet Select Homestyle Refrigerated Dog Food - Chicken, Vegetable & Rice Recipe","Freshpet Select Homestyle Refrigerated Dog Food - Chicken, Vegetable & Rice Recipe",pet_sale,shop,10.25oz," 	$1.79/ea $2.19Save 18%($2.80/lb)",1.79,ea ,2.19Save 18%(2.80/lb),2.80/lb),
8243,"Freshpet Select Slice & Serve Refrigerated Dog Food - Chicken, Vegetable & Rice Recipe","Freshpet Select Slice & Serve Refrigerated Dog Food - Chicken, Vegetable & Rice Recipe",pet_sale,shop,6lb," 	$12.39/ea $15.49Save 20%($2.06/lb)",12.39,ea ,15.49Save 20%(2.06/lb),2.06/lb),
8250,Wellness Just for Puppy Holistic Dog Treats,Wellness Just for Puppy Holistic Dog Treats,pet_sale,shop,3.5oz," 	$4.49/ea $4.99Save 10%($20.41/lb)",4.49,ea ,4.99Save 10%(20.41/lb),20.41/lb),
8265,"Wellness Pure Rewards Dog Treats, Beef Jerky","Wellness Pure Rewards Dog Treats, Beef Jerky",pet_sale,shop,6oz," 	$8.99/ea $9.99Save 10%($23.66/lb)",8.99,ea ,9.99Save 10%(23.66/lb),23.66/lb),
8266,"Wellness Pure Rewards Dog Treats, Chicken & Lamb Jerky","Wellness Pure Rewards Dog Treats, Chicken & Lamb Jerky",pet_sale,shop,6oz," 	$8.99/ea $9.99Save 10%($23.66/lb)",8.99,ea ,9.99Save 10%(23.66/lb),23.66/lb),
8273,"Wellness Wellbars Crunchy Dog Treats - Yogurt, Apples & Bananas","Wellness Wellbars Crunchy Dog Treats - Yogurt, Apples & Bananas",pet_sale,shop,20oz," 	$8.09/ea $8.99Save 10%($6.47/lb)",8.09,ea ,8.99Save 10%(6.47/lb),6.47/lb),
8274,"Wellness Wellbars Dog Treats, Crunchy Peanuts & Honey","Wellness Wellbars Dog Treats, Crunchy Peanuts & Honey",pet_sale,shop,20oz," 	$8.09/ea $8.99Save 10%($6.47/lb)",8.09,ea ,8.99Save 10%(6.47/lb),6.47/lb),
8275,"Wellness Wellbites Soft & Chewy Dog Treats, Chicken & Venison Recipe","Wellness Wellbites Soft & Chewy Dog Treats, Chicken & Venison Recipe",pet_sale,shop,8oz," 	$8.99/ea $9.99Save 10%($17.98/lb)",8.99,ea ,9.99Save 10%(17.98/lb),17.98/lb),
8276,"Wellness Wellbites Soft & Chewy Dog Treats, Lamb & Salmon Recipe","Wellness Wellbites Soft & Chewy Dog Treats, Lamb & Salmon Recipe",pet_sale,shop,8oz," 	$8.99/ea $9.99Save 10%($17.98/lb)",8.99,ea ,9.99Save 10%(17.98/lb),17.98/lb),
8278,FreshDirect Shrimp & Spaghetti Arrabiata,FreshDirect Shrimp & Spaghetti Arrabiata,hmr_entree_sea,meals,12.5oz,"		$8.99/ea($11.53/lb)",8.99,ea(,11.53/lb),,
8293,Gianelli Turkey Sausage Links,Gianelli Turkey Sausage Links,mt_ss,meat,NA,"		$5.99/lbAny 2 Gianelli Sausages for $3.99/lbMix'n'Match",5.99,lbAny 2 Gianelli Sausages for ,3.99/lbMix'n'Match,,
8347,Lundberg Organic Short-Grain Brown Rice,Lundberg Organic Short-Grain Brown Rice,our_picks_gltnfr,pantry,2lb,"		$6.19/ea($3.10/lb)",6.19,ea(,3.10/lb),,
8358,Lundberg California White Basmati Rice,Lundberg California White Basmati Rice,our_picks_gltnfr,pantry,2lb,"		$5.99/ea($3.00/lb)",5.99,ea(,3.00/lb),,
8359,Lundberg Long-Grain Brown Rice,Lundberg Long-Grain Brown Rice,our_picks_gltnfr,pantry,2lb,"		$4.29/ea($2.14/lb)",4.29,ea(,2.14/lb),,
8360,Lundberg Organic Long-Grain Brown Rice,Lundberg Organic Long-Grain Brown Rice,our_picks_gltnfr,pantry,2lb,"		$6.39/ea($3.20/lb)",6.39,ea(,3.20/lb),,
8361,Lundberg Wild Blend - Gourmet Blend of Wild & Whole Grain Brown Rice,Lundberg Wild Blend - Gourmet Blend of Wild & Whole Grain Brown Rice,our_picks_gltnfr,pantry,1lb,"		$4.29/ea($4.29/lb)",4.29,ea(,4.29/lb),,
8362,Uncle Ben's Converted Long Grain White Rice,Uncle Ben's Converted Long Grain White Rice,our_picks_gltnfr,pantry,2lb box,"		$3.99/ea($2.00/lb)",3.99,ea(,2.00/lb),,
8363,Earthbound Farm Organic Power Meal Blueberry Quinoa Protein Balance,Earthbound Farm Organic Power Meal Blueberry Quinoa Protein Balance,our_picks_gltnfr,pantry,6.5oz,"		$5.49/ea",5.49,ea,,,
8364,Earthbound Farm Organic Power Meal Tomatillo Black Bean Protein Energy,Earthbound Farm Organic Power Meal Tomatillo Black Bean Protein Energy,our_picks_gltnfr,pantry,6.5oz,"		$5.49/ea",5.49,ea,,,
8365,A Taste Of Thai Rice Noodles,A Taste Of Thai Rice Noodles,our_picks_gltnfr,pantry,16oz,"		$4.49/ea($4.49/lb)",4.49,ea(,4.49/lb),,
8366,A Taste Of Thai Straight Cut Thin Rice Noodles,A Taste Of Thai Straight Cut Thin Rice Noodles,our_picks_gltnfr,pantry,16oz,"		$4.49/ea($4.49/lb)",4.49,ea(,4.49/lb),,
8367,A Taste Of Thai Wide Rice Noodles,A Taste Of Thai Wide Rice Noodles,our_picks_gltnfr,pantry,16oz,"		$4.49/ea($4.49/lb)",4.49,ea(,4.49/lb),,
8385,Annie's Homegrown Rice Pasta & Cheddar Mac & Cheese,Annie's Homegrown Rice Pasta & Cheddar Mac & Cheese,our_picks_gltnfr,pantry,6oz,"		$3.49/ea($9.18/lb)",3.49,ea(,9.18/lb),,
8386,Betty Crocker Potato Buds Mashed Potatoes,Betty Crocker Potato Buds Mashed Potatoes,our_picks_gltnfr,pantry,13.75oz,"		$2.99/ea($3.48/lb)",2.99,ea(,3.48/lb),,
8388,Evol  Chicken Enchilada Bowl,Evol  Chicken Enchilada Bowl,our_picks_gltnfr,pantry,9oz,"		$4.99/ea($8.91/lb)",4.99,ea(,8.91/lb),,
8389,Evol  Fire Grilled Steak Bowl,Evol  Fire Grilled Steak Bowl,our_picks_gltnfr,pantry,9oz,"		$4.99/ea($8.91/lb)",4.99,ea(,8.91/lb),,
8390,Evol  Teriyaki Chicken Bowl,Evol  Teriyaki Chicken Bowl,our_picks_gltnfr,pantry,9oz,"		$4.99/ea($8.91/lb)",4.99,ea(,8.91/lb),,
8391,"GoPicnic Gluten-Free Ready-to-Eat Meal, Turkey, Pepperoni & Cheese","GoPicnic Gluten-Free Ready-to-Eat Meal, Turkey, Pepperoni & Cheese",our_picks_gltnfr,pantry,3oz,"		$4.29/ea($22.58/lb)",4.29,ea(,22.58/lb),,
8392,Lundberg Arborio White Rice,Lundberg Arborio White Rice,our_picks_gltnfr,pantry,2lb,"		$6.59/ea($3.30/lb)",6.59,ea(,3.30/lb),,
8393,Lundberg California Brown Basmati Rice,Lundberg California Brown Basmati Rice,our_picks_gltnfr,pantry,2lb,"		$4.99/ea($2.50/lb)",4.99,ea(,2.50/lb),,
8394,Lundberg Countrywild Gourmet Blend of Whole Grain Brown Rice,Lundberg Countrywild Gourmet Blend of Whole Grain Brown Rice,our_picks_gltnfr,pantry,1lb,"		$4.19/ea($2.10/lb)",4.19,ea(,2.10/lb),,
8395,Lundberg Organic California Long Grain Brown Basmati Rice,Lundberg Organic California Long Grain Brown Basmati Rice,our_picks_gltnfr,pantry,2lb,"		$6.69/ea($3.34/lb)",6.69,ea(,3.34/lb),,
8396,"Roland Quinoa, Mediterranean","Roland Quinoa, Mediterranean",our_picks_gltnfr,pantry,5.46oz,"		$3.29/ea($9.68/lb)",3.29,ea(,9.68/lb),,
8397,"Roland Quinoa, Roasted Garlic","Roland Quinoa, Roasted Garlic",our_picks_gltnfr,pantry,5.46oz,"		$3.29/ea($9.68/lb)",3.29,ea(,9.68/lb),,
8403,"Dr. McDougall's All-Natural Gluten-Free Asian Entrée, Pad Thai Noodle","Dr. McDougall's All-Natural Gluten-Free Asian Entrée, Pad Thai Noodle",our_picks_gltnfr,pantry,2oz,"		$2.09/ea($16.08/lb)",2.09,ea(,16.08/lb),,
8405,"GoPicnic Gluten-Free Ready-to-Eat Meal, Hummus & Crackers","GoPicnic Gluten-Free Ready-to-Eat Meal, Hummus & Crackers",our_picks_gltnfr,pantry,4.1oz,"		$4.29/ea($16.50/lb)",4.29,ea(,16.50/lb),,
8406,"GoPicnic Gluten-Free Ready-to-Eat Meal, Sunbutter & Crackers","GoPicnic Gluten-Free Ready-to-Eat Meal, Sunbutter & Crackers",our_picks_gltnfr,pantry,3.6oz,"		$4.29/ea($18.65/lb)",4.29,ea(,18.65/lb),,
8407,"GoPicnic Gluten-Free Ready-to-Eat Meal, Turkey Stick & Crunch","GoPicnic Gluten-Free Ready-to-Eat Meal, Turkey Stick & Crunch",our_picks_gltnfr,pantry,2.7oz,"		$4.29/ea($25.24/lb)",4.29,ea(,25.24/lb),,
8408,Lundberg Organic Countrywild Heat & Eat Bowl,Lundberg Organic Countrywild Heat & Eat Bowl,our_picks_gltnfr,pantry,7.4oz,"		$2.99/ea($6.50/lb)",2.99,ea(,6.50/lb),,
8409,Lundberg Wehani Aromatic Whole Grain Red Rice,Lundberg Wehani Aromatic Whole Grain Red Rice,our_picks_gltnfr,pantry,16oz,"		$4.19/ea($4.19/lb)",4.19,ea(,4.19/lb),,
8410,"Roland Quinoa, Garden Vegetable","Roland Quinoa, Garden Vegetable",our_picks_gltnfr,pantry,5.46oz,"		$3.29/ea($9.68/lb)",3.29,ea(,9.68/lb),,
8411,Lundberg Organic California Sushi Rice,Lundberg Organic California Sushi Rice,our_picks_gltnfr,pantry,2lb,"		$0.00/null($0.00/lb)",0,null(,0.00/lb),,
8412,Lundberg Organic Short Grain Brown Rice Heat & Eat Bowl,Lundberg Organic Short Grain Brown Rice Heat & Eat Bowl,our_picks_gltnfr,pantry,7.4oz,"		$0.00/null($0.00/lb)",0,null(,0.00/lb),,
8413,Food Should Taste Good Multigrain Tortilla Chips,Food Should Taste Good Multigrain Tortilla Chips,our_picks_gltnfr,pantry,6oz,"		$3.19/ea($8.39/lb)",3.19,ea(,8.39/lb),,
8415,"Pirate Brands Pirate's Booty, Aged White Cheddar, Multi-Pack","Pirate Brands Pirate's Booty, Aged White Cheddar, Multi-Pack",our_picks_gltnfr,pantry,"6ct, 1 oz ea","		$5.99/ea($15.76/lb)",5.99,ea(,15.76/lb),,
8416,"Annie's Homegrown Organic Bunny Fruit Snacks, Berry Patch","Annie's Homegrown Organic Bunny Fruit Snacks, Berry Patch",our_picks_gltnfr,pantry,"5ct, 0.8oz ea","		$4.99/ea($19.96/lb)",4.99,ea(,19.96/lb),,
8418,"SkinnyPop Popcorn, Original 100-Calorie Packs","SkinnyPop Popcorn, Original 100-Calorie Packs",our_picks_gltnfr,pantry,"6ct, 0.65oz ea","		$4.99/ea($20.79/lb)",4.99,ea(,20.79/lb),,
8420,"Xochitl Mexican Style Tortilla Chips, Salted","Xochitl Mexican Style Tortilla Chips, Salted",our_picks_gltnfr,pantry,16oz,"		$5.29/ea($5.29/lb)",5.29,ea(,5.29/lb),,
8421,"Annie's Homegrown Organic Bunny Fruit Snacks, Summer Strawberry","Annie's Homegrown Organic Bunny Fruit Snacks, Summer Strawberry",our_picks_gltnfr,pantry,"5ct, 0.8oz ea","		$4.99/ea($19.96/lb)",4.99,ea(,19.96/lb),,
8422,"Blue Diamond Almond Nut-Thins, Hint of Sea Salt Nut & Rice Cracker Snacks","Blue Diamond Almond Nut-Thins, Hint of Sea Salt Nut & Rice Cracker Snacks",our_picks_gltnfr,pantry,4.25oz,"		$3.69/ea($13.67/lb)",3.69,ea(,13.67/lb),,
8423,"Deep River Snacks Kettle Cooked Potato Chips, Original Salted","Deep River Snacks Kettle Cooked Potato Chips, Original Salted",our_picks_gltnfr,pantry,5oz,"		$2.59/ea($8.35/lb)",2.59,ea(,8.35/lb),,
8424,Food Should Taste Good Blue Corn Tortilla Chips,Food Should Taste Good Blue Corn Tortilla Chips,our_picks_gltnfr,pantry,5.5oz,"		$3.19/ea($9.38/lb)",3.19,ea(,9.38/lb),,
8425,Food Should Taste Good Sweet Potato Tortilla Chips,Food Should Taste Good Sweet Potato Tortilla Chips,our_picks_gltnfr,pantry,6oz,"		$3.19/ea($8.39/lb)",3.19,ea(,8.39/lb),,
8428,"Lay's Classic Potato Chips, Single Serving Pack","Lay's Classic Potato Chips, Single Serving Pack",our_picks_gltnfr,pantry,6pk (1oz each),"		$2.89/ea($7.61/lb)",2.89,ea(,7.61/lb),,
8429,Lundberg Organic Lightly Salted Brown Rice Cakes,Lundberg Organic Lightly Salted Brown Rice Cakes,our_picks_gltnfr,pantry,8.5oz,"		$3.89/ea($7.34/lb)",3.89,ea(,7.34/lb),,
8431,"Pirate Brands Smart Puffs, Real Wisconsin Cheddar, Multi-Pack","Pirate Brands Smart Puffs, Real Wisconsin Cheddar, Multi-Pack",our_picks_gltnfr,pantry,"6ct, 1.38oz ea","		$5.99/ea($11.52/lb)",5.99,ea(,11.52/lb),,
8432,"Popcorn, Indiana Gourmet Kettlecorn Popcorn, Multi-Pack","Popcorn, Indiana Gourmet Kettlecorn Popcorn, Multi-Pack",our_picks_gltnfr,pantry,0.7oz bags 8pk,"		$4.49/ea($12.83/lb)",4.49,ea(,12.83/lb),,
8433,PopCorners Kettle Popped Corn Chips,PopCorners Kettle Popped Corn Chips,our_picks_gltnfr,pantry,5oz,"		$2.19/ea($7.06/lb)",2.19,ea(,7.06/lb),,
8434,PopCorners White Cheddar Popped Corn Chips,PopCorners White Cheddar Popped Corn Chips,our_picks_gltnfr,pantry,5oz,"		$2.19/ea($7.06/lb)",2.19,ea(,7.06/lb),,
8435,Quaker Fat Free Lightly Salted Rice Cakes,Quaker Fat Free Lightly Salted Rice Cakes,our_picks_gltnfr,pantry,4.5oz,"		$2.69/ea($9.61/lb)",2.69,ea(,9.61/lb),,
8437,"SkinnyPop Popcorn, Original","SkinnyPop Popcorn, Original",our_picks_gltnfr,pantry,4.4oz,"		$3.49/ea($12.46/lb)",3.49,ea(,12.46/lb),,
8438,Baked Ruffles Potato Chips,Baked Ruffles Potato Chips,our_picks_gltnfr,pantry,6.25oz,"		$3.29/ea($8.42/lb)",3.29,ea(,8.42/lb),,
8439,"Crunchmaster Gluten-Free Multigrain Crackers, Sea Salt","Crunchmaster Gluten-Free Multigrain Crackers, Sea Salt",our_picks_gltnfr,pantry,4.5oz,"		$3.59/ea($12.82/lb)",3.59,ea(,12.82/lb),,
8440,"Crunchmaster Gluten-Free Multiseed Crackers, Original","Crunchmaster Gluten-Free Multiseed Crackers, Original",our_picks_gltnfr,pantry,4.5oz,"		$3.59/ea($12.82/lb)",3.59,ea(,12.82/lb),,
8441,"Deep River Snacks Kettle Cooked Potato Chips, Mesquite BBQ","Deep River Snacks Kettle Cooked Potato Chips, Mesquite BBQ",our_picks_gltnfr,pantry,5oz,"		$2.59/ea($8.35/lb)",2.59,ea(,8.35/lb),,
8442,"Deep River Snacks Kettle Cooked Potato Chips, Rosemary Olive Oil","Deep River Snacks Kettle Cooked Potato Chips, Rosemary Olive Oil",our_picks_gltnfr,pantry,5oz,"		$2.59/ea($8.35/lb)",2.59,ea(,8.35/lb),,
8443,"Deep River Snacks Kettle Cooked Potato Chips, Sweet Maui Onion","Deep River Snacks Kettle Cooked Potato Chips, Sweet Maui Onion",our_picks_gltnfr,pantry,5oz,"		$2.59/ea($8.35/lb)",2.59,ea(,8.35/lb),,
8444,"Deep River Snacks Kettle Cooked Potato Chips, Zesty Jalapeno","Deep River Snacks Kettle Cooked Potato Chips, Zesty Jalapeno",our_picks_gltnfr,pantry,5oz,"		$2.59/ea($8.35/lb)",2.59,ea(,8.35/lb),,
8445,"Fruit Gushers , Variety Pack","Fruit Gushers , Variety Pack",our_picks_gltnfr,pantry,"6ct, 0.9oz ea","		$3.29/ea($9.68/lb)",3.29,ea(,9.68/lb),,
8446,"Fruit Rollups , Variety Pack","Fruit Rollups , Variety Pack",our_picks_gltnfr,pantry,"10ct, 0.5oz ea","		$3.29/ea($10.61/lb)",3.29,ea(,10.61/lb),,
8448,Lundberg Eco-Farmed Lightly Salted Brown Rice Cakes,Lundberg Eco-Farmed Lightly Salted Brown Rice Cakes,our_picks_gltnfr,pantry,8.5oz,"		$3.59/ea($6.77/lb)",3.59,ea(,6.77/lb),,
8450,Lundberg Salt-Free Brown Rice Cakes,Lundberg Salt-Free Brown Rice Cakes,our_picks_gltnfr,pantry,8.5oz,"		$3.59/ea($6.77/lb)",3.59,ea(,6.77/lb),,
8453,"Popchips All Natural Popped Chip Snack, Barbeque & Original Variety Pack","Popchips All Natural Popped Chip Snack, Barbeque & Original Variety Pack",our_picks_gltnfr,pantry,"6pk, 0.8oz ea","		$5.79/ea($19.30/lb)",5.79,ea(,19.30/lb),,
8454,"Popcorn, Indiana Gourmet Kettlecorn Popcorn","Popcorn, Indiana Gourmet Kettlecorn Popcorn",our_picks_gltnfr,pantry,7oz,"		$3.99/ea($9.07/lb)",3.99,ea(,9.07/lb),,
8455,"Popcorn, Indiana Gourmet Kettlecorn Popcorn, Aged White Cheddar","Popcorn, Indiana Gourmet Kettlecorn Popcorn, Aged White Cheddar",our_picks_gltnfr,pantry,5.75oz,"		$3.99/ea($9.98/lb)",3.99,ea(,9.98/lb),,
8456,PopCorners Cheesy Jalapeño Popped Corn Chips,PopCorners Cheesy Jalapeño Popped Corn Chips,our_picks_gltnfr,pantry,5oz,"		$2.19/ea($7.06/lb)",2.19,ea(,7.06/lb),,
8457,PopCorners Sea Salt Popped Corn Chips,PopCorners Sea Salt Popped Corn Chips,our_picks_gltnfr,pantry,5oz,"		$2.19/ea($7.06/lb)",2.19,ea(,7.06/lb),,
8458,Quaker Fat Free Caramel Corn Flavored Rice Cakes,Quaker Fat Free Caramel Corn Flavored Rice Cakes,our_picks_gltnfr,pantry,6.57oz,"		$2.69/ea($6.56/lb)",2.69,ea(,6.56/lb),,
8459,Ruffles Potato Chips,Ruffles Potato Chips,our_picks_gltnfr,pantry,9.5oz,"		$3.89/ea($6.17/lb)",3.89,ea(,6.17/lb),,
8460,Snyder's of Hanover Eat Smart Naturals Veggie Crisps - 100 Calorie Packs,Snyder's of Hanover Eat Smart Naturals Veggie Crisps - 100 Calorie Packs,our_picks_gltnfr,pantry,"(8pk, 6oz)","		$4.29/ea($11.29/lb)",4.29,ea(,11.29/lb),,
8461,Snyder's of Hanover Gluten-Free 100 Calorie Pretzel Packs,Snyder's of Hanover Gluten-Free 100 Calorie Pretzel Packs,our_picks_gltnfr,pantry,"8pk, 0.9oz ea","		$4.79/ea($10.64/lb)",4.79,ea(,10.64/lb),,
8462,Baked Lay's Potato Crisps,Baked Lay's Potato Crisps,our_picks_gltnfr,pantry,6.25oz,"		$3.29/ea($8.42/lb)",3.29,ea(,8.42/lb),,
8463,"Blue Diamond Almond Nut-Thins, Cheddar Cheese Nut & Rice Cracker Snacks","Blue Diamond Almond Nut-Thins, Cheddar Cheese Nut & Rice Cracker Snacks",our_picks_gltnfr,pantry,4.25oz,"		$3.69/ea($13.67/lb)",3.69,ea(,13.67/lb),,
8464,"Blue Diamond Almond Nut-Thins, Nut & Rice Cracker Snacks","Blue Diamond Almond Nut-Thins, Nut & Rice Cracker Snacks",our_picks_gltnfr,pantry,4.25oz,"		$3.69/ea($13.67/lb)",3.69,ea(,13.67/lb),,
8465,"Blue Diamond Pecan Nut-Thins, Nut & Rice Cracker Snacks","Blue Diamond Pecan Nut-Thins, Nut & Rice Cracker Snacks",our_picks_gltnfr,pantry,4.25oz,"		$3.69/ea($13.67/lb)",3.69,ea(,13.67/lb),,
8467,"Clif Kid Organic ZFruit Rope, Grape","Clif Kid Organic ZFruit Rope, Grape",our_picks_gltnfr,pantry,"6ct, 0.7oz ea","		$3.99/ea($15.35/lb)",3.99,ea(,15.35/lb),,
8468,"Crunchmaster Gluten-Free Multiseed Crackers, Rosemary & Olive Oil","Crunchmaster Gluten-Free Multiseed Crackers, Rosemary & Olive Oil",our_picks_gltnfr,pantry,4.5oz,"		$3.59/ea($12.82/lb)",3.59,ea(,12.82/lb),,
8469,Fruit by the Foot Rainbow Punch Fruit Snack,Fruit by the Foot Rainbow Punch Fruit Snack,our_picks_gltnfr,pantry,6pk (4.5oz),"		$3.29/ea($11.75/lb)",3.29,ea(,11.75/lb),,
8470,Fruit by the Foot Strawberry Fruit Snack,Fruit by the Foot Strawberry Fruit Snack,our_picks_gltnfr,pantry,6pk (4.5oz),"		$3.29/ea($11.75/lb)",3.29,ea(,11.75/lb),,
8471,Fruit by the Foot Variety Pack,Fruit by the Foot Variety Pack,our_picks_gltnfr,pantry,6pk (4.5oz),"		$3.29/ea($1.95/lb)",3.29,ea(,1.95/lb),,
8472,"Glenny's Soy Crisps, Creamy Ranch","Glenny's Soy Crisps, Creamy Ranch",our_picks_gltnfr,pantry,1.3oz,"		$1.29/ea($16.12/lb)",1.29,ea(,16.12/lb),,
8473,"Glenny's Soy Crisps, Lightly Salted","Glenny's Soy Crisps, Lightly Salted",our_picks_gltnfr,pantry,1.3oz,"		$1.29/ea($16.12/lb)",1.29,ea(,16.12/lb),,
8477,Glutino  Gluten Free Pretzel Sticks,Glutino  Gluten Free Pretzel Sticks,our_picks_gltnfr,pantry,8oz,"		$4.69/ea($9.38/lb)",4.69,ea(,9.38/lb),,
8478,Glutino  Gluten Free Pretzel Twists,Glutino  Gluten Free Pretzel Twists,our_picks_gltnfr,pantry,8oz,"		$4.69/ea($9.38/lb)",4.69,ea(,9.38/lb),,
8479,"Glutino  Gluten Free Pretzels, Family Bag","Glutino  Gluten Free Pretzels, Family Bag",our_picks_gltnfr,pantry,14.1oz,"		$6.99/ea($7.94/lb)",6.99,ea(,7.94/lb),,
8482,"Late July Organic Gluten-Free Multigrain Snack Chips, Dude Ranch","Late July Organic Gluten-Free Multigrain Snack Chips, Dude Ranch",our_picks_gltnfr,pantry,5.5oz,"		$2.99/ea($8.79/lb)",2.99,ea(,8.79/lb),,
8483,"Late July Organic Gluten-Free Multigrain Snack Chips, Mild Green Mojo","Late July Organic Gluten-Free Multigrain Snack Chips, Mild Green Mojo",our_picks_gltnfr,pantry,6oz,"		$2.99/ea($7.87/lb)",2.99,ea(,7.87/lb),,
8484,"Late July Organic Gluten-Free Multigrain Snack Chips, Sea Salt by the Seashore","Late July Organic Gluten-Free Multigrain Snack Chips, Sea Salt by the Seashore",our_picks_gltnfr,pantry,6oz,"		$2.99/ea($7.87/lb)",2.99,ea(,7.87/lb),,
8485,"Late July Organic Gluten-Free Multigrain Snack Chips, Sub Lime","Late July Organic Gluten-Free Multigrain Snack Chips, Sub Lime",our_picks_gltnfr,pantry,5.5oz,"		$2.99/ea($8.79/lb)",2.99,ea(,8.79/lb),,
8486,"Late July Organic Gluten-Free Multigrain Snack Chips, Sweet Potato","Late July Organic Gluten-Free Multigrain Snack Chips, Sweet Potato",our_picks_gltnfr,pantry,5.5oz,"		$2.99/ea($8.79/lb)",2.99,ea(,8.79/lb),,
8491,Lundberg Organic Sesame Tamari Rice Cakes,Lundberg Organic Sesame Tamari Rice Cakes,our_picks_gltnfr,pantry,8.5oz,"		$3.89/ea($7.34/lb)",3.89,ea(,7.34/lb),,
8494,"Mediterranean Snack Food Co. Baked Lentil Chips, Cracked Pepper","Mediterranean Snack Food Co. Baked Lentil Chips, Cracked Pepper",our_picks_gltnfr,pantry,4.5oz,"		$3.69/ea($13.18/lb)",3.69,ea(,13.18/lb),,
8495,"Mediterranean Snack Food Co. Baked Lentil Chips, Sea Salt","Mediterranean Snack Food Co. Baked Lentil Chips, Sea Salt",our_picks_gltnfr,pantry,4.5oz,"		$3.69/ea($13.18/lb)",3.69,ea(,13.18/lb),,
8496,"Mediterranean Snack Food Co. Lentil Crackers, Sea Salt","Mediterranean Snack Food Co. Lentil Crackers, Sea Salt",our_picks_gltnfr,pantry,4.5oz,"		$3.69/ea($13.18/lb)",3.69,ea(,13.18/lb),,
8497,PopCorners Butter Popped Corn Chips,PopCorners Butter Popped Corn Chips,our_picks_gltnfr,pantry,5oz,"		$2.19/ea($7.06/lb)",2.19,ea(,7.06/lb),,
8498,PopCorners Kettle Popped Corn Chips,PopCorners Kettle Popped Corn Chips,our_picks_gltnfr,pantry,1.1oz,"		$0.59/ea($8.43/lb)",0.59,ea(,8.43/lb),,
8499,PopCorners Sea Salt  Popped Corn Chips,PopCorners Sea Salt  Popped Corn Chips,our_picks_gltnfr,pantry,1.1oz,"		$0.59/ea($8.43/lb)",0.59,ea(,8.43/lb),,
8500,PopCorners White Cheddar Popped Corn Chips,PopCorners White Cheddar Popped Corn Chips,our_picks_gltnfr,pantry,1.1oz,"		$0.59/ea($8.43/lb)",0.59,ea(,8.43/lb),,
8501,Quaker Fat Free Apple Cinnamon Rice Cakes,Quaker Fat Free Apple Cinnamon Rice Cakes,our_picks_gltnfr,pantry,6.53oz,"		$2.69/ea($6.56/lb)",2.69,ea(,6.56/lb),,
8502,Quaker Fat Free Buttered Popped Corn Cakes,Quaker Fat Free Buttered Popped Corn Cakes,our_picks_gltnfr,pantry,4.5oz,"		$2.69/ea($9.61/lb)",2.69,ea(,9.61/lb),,
8506,"Snyder's of Hanover Eat Smart Naturals Garden Veggie Crisps - Potato, Tomato & Spinach","Snyder's of Hanover Eat Smart Naturals Garden Veggie Crisps - Potato, Tomato & Spinach",our_picks_gltnfr,pantry,(6oz),"		$3.69/ea($9.71/lb)",3.69,ea(,9.71/lb),,
8507,Snyder's of Hanover Gluten-Free Mini Pretzels,Snyder's of Hanover Gluten-Free Mini Pretzels,our_picks_gltnfr,pantry,8oz,"		$3.49/ea($6.98/lb)",3.49,ea(,6.98/lb),,
8508,Snyder's of Hanover Gluten-Free Pretzel Sticks,Snyder's of Hanover Gluten-Free Pretzel Sticks,our_picks_gltnfr,pantry,8oz,"		$3.49/ea($6.98/lb)",3.49,ea(,6.98/lb),,
8509,"The Real Deal All-Natural Gluten-Free Baked Veggie Chips, Original","The Real Deal All-Natural Gluten-Free Baked Veggie Chips, Original",our_picks_gltnfr,pantry,6oz,"		$3.49/ea($9.18/lb)",3.49,ea(,9.18/lb),,
8510,The Real Deal All-Natural Gluten-Free Cheddar Cheese Crunchies,The Real Deal All-Natural Gluten-Free Cheddar Cheese Crunchies,our_picks_gltnfr,pantry,7oz,"		$3.49/ea($7.93/lb)",3.49,ea(,7.93/lb),,
8511,"Way Better Snacks Simply Beyond Black Bean Tortilla Chips, Gluten-Free","Way Better Snacks Simply Beyond Black Bean Tortilla Chips, Gluten-Free",our_picks_gltnfr,pantry,5.5oz,"		$3.29/ea($9.68/lb)",3.29,ea(,9.68/lb),,
8512,"Way Better Snacks Simply So Sweet Chili Tortilla Chips, Gluten-Free","Way Better Snacks Simply So Sweet Chili Tortilla Chips, Gluten-Free",our_picks_gltnfr,pantry,5.5oz,"		$3.29/ea($9.68/lb)",3.29,ea(,9.68/lb),,
8513,"Way Better Snacks Simply Sunny Multi-Grain Tortilla Chips, Gluten-Free","Way Better Snacks Simply Sunny Multi-Grain Tortilla Chips, Gluten-Free",our_picks_gltnfr,pantry,5.5oz,"		$3.29/ea($9.68/lb)",3.29,ea(,9.68/lb),,
8514,"Way Better Snacks Simply Sweet Potato Tortilla Chips, Gluten-Free","Way Better Snacks Simply Sweet Potato Tortilla Chips, Gluten-Free",our_picks_gltnfr,pantry,5.5oz,"		$3.29/ea($9.68/lb)",3.29,ea(,9.68/lb),,
8515,"Xochitl Mexican Style Tortilla Chips, Unsalted","Xochitl Mexican Style Tortilla Chips, Unsalted",our_picks_gltnfr,pantry,16oz,"		$5.29/ea($5.29/lb)",5.29,ea(,5.29/lb),,
8517,"Crunchmaster Gluten-Free Multiseed Crackers, Roasted Garlic","Crunchmaster Gluten-Free Multiseed Crackers, Roasted Garlic",our_picks_gltnfr,pantry,4.5oz,"		$3.59/ea($12.82/lb)",3.59,ea(,12.82/lb),,
8518,"Glenny's Soy Crisps, Apple Cinnamon","Glenny's Soy Crisps, Apple Cinnamon",our_picks_gltnfr,pantry,1.3oz,"		$1.29/ea($16.12/lb)",1.29,ea(,16.12/lb),,
8522,"Perky Jerky Turkey Jerky, Hot & Bothered","Perky Jerky Turkey Jerky, Hot & Bothered",our_picks_gltnfr,pantry,2.2oz,"		$5.49/ea($39.21/lb)",5.49,ea(,39.21/lb),,
8523,"Perky Jerky Turkey Jerky, Sweet & Spicy","Perky Jerky Turkey Jerky, Sweet & Spicy",our_picks_gltnfr,pantry,2.2oz,"		$5.49/ea($39.21/lb)",5.49,ea(,39.21/lb),,
8524,Route 11 Potato Chips Barbeque,Route 11 Potato Chips Barbeque,our_picks_gltnfr,pantry,2oz,"		$1.39/ea($10.69/lb)",1.39,ea(,10.69/lb),,
8525,Route 11 Potato Chips Dill Pickle,Route 11 Potato Chips Dill Pickle,our_picks_gltnfr,pantry,2oz,"		$1.39/ea($10.69/lb)",1.39,ea(,10.69/lb),,
8526,Route 11 Potato Chips Lightly Salted,Route 11 Potato Chips Lightly Salted,our_picks_gltnfr,pantry,2oz,"		$1.39/ea($10.69/lb)",1.39,ea(,10.69/lb),,
8527,Route 11 Potato Chips Mama Zuma's Revenge (Habanero),Route 11 Potato Chips Mama Zuma's Revenge (Habanero),our_picks_gltnfr,pantry,2oz,"		$1.39/ea($10.69/lb)",1.39,ea(,10.69/lb),,
8532,"The Real Deal All-Natural Gluten-Free Baked Veggie Chips, Sriracha","The Real Deal All-Natural Gluten-Free Baked Veggie Chips, Sriracha",our_picks_gltnfr,pantry,6oz,"		$3.49/ea($9.18/lb)",3.49,ea(,9.18/lb),,
8533,Quaker Chocolate Crunch Rice Cakes,Quaker Chocolate Crunch Rice Cakes,our_picks_gltnfr,pantry,7.23oz,"		$0.00/null($0.00/lb)",0,null(,0.00/lb),,
8534,"Perky Jerky Turkey Jerky, Teriyaki","Perky Jerky Turkey Jerky, Teriyaki",our_picks_gltnfr,pantry,2.2oz,"		$0.00/null($0.00/lb)",0,null(,0.00/lb),,
8622,Bob's Red Mill Finely Ground Almond Meal/Flour,Bob's Red Mill Finely Ground Almond Meal/Flour,our_picks_gltnfr,pantry,16oz,"		$10.99/ea($10.99/lb)",10.99,ea(,10.99/lb),,
8623,Enjoy Life Gluten-Free Semi-Sweet Mini Chocolate Chips,Enjoy Life Gluten-Free Semi-Sweet Mini Chocolate Chips,our_picks_gltnfr,pantry,10oz,"		$4.49/ea($7.13/lb)",4.49,ea(,7.13/lb),,
8626,"Udi's Gluten-Free Pizza Crust 2-Pack, Frozen","Udi's Gluten-Free Pizza Crust 2-Pack, Frozen",our_picks_gltnfr,pantry,8oz,"		$5.79/ea($11.58/lb)",5.79,ea(,11.58/lb),,
8628,Arrowhead Mills Yellow Corn Meal,Arrowhead Mills Yellow Corn Meal,our_picks_gltnfr,pantry,32oz,"		$2.59/ea($1.30/lb)",2.59,ea(,1.30/lb),,
8629,"Betsy's Bakery Gluten-Free Quinoa Bread, Frozen","Betsy's Bakery Gluten-Free Quinoa Bread, Frozen",our_picks_gltnfr,pantry,22oz loaf,"		$5.99/ea($4.36/lb)",5.99,ea(,4.36/lb),,
8630,Bob's Red Mill All Purpose Baking Flour,Bob's Red Mill All Purpose Baking Flour,our_picks_gltnfr,pantry,22oz,"		$4.59/ea($3.33/lb)",4.59,ea(,3.33/lb),,
8631,Bob's Red Mill Organic Whole Ground Golden Flaxseed Meal,Bob's Red Mill Organic Whole Ground Golden Flaxseed Meal,our_picks_gltnfr,pantry,16oz,"		$4.29/ea($4.29/lb)",4.29,ea(,4.29/lb),,
8632,Bob's Red Mill Whole Ground Flaxseed Meal,Bob's Red Mill Whole Ground Flaxseed Meal,our_picks_gltnfr,pantry,16oz,"		$3.99/ea($3.99/lb)",3.99,ea(,3.99/lb),,
8633,"Cup4Cup Gluten-Free, All Natural Flour Pancake & Waffle Mix","Cup4Cup Gluten-Free, All Natural Flour Pancake & Waffle Mix",our_picks_gltnfr,pantry,8.7oz,"		$6.99/ea($12.94/lb)",6.99,ea(,12.94/lb),,
8634,Duncan Hines Creamy Home-style Classic Chocolate Frosting,Duncan Hines Creamy Home-style Classic Chocolate Frosting,our_picks_gltnfr,pantry,16oz,"		$2.29/ea($2.29/lb)",2.29,ea(,2.29/lb),,
8635,Duncan Hines Creamy Home-style Classic Vanilla Frosting,Duncan Hines Creamy Home-style Classic Vanilla Frosting,our_picks_gltnfr,pantry,16oz,"		$2.29/ea($2.29/lb)",2.29,ea(,2.29/lb),,
8643,Scharffen Berger Bittersweet 70% Chocolate Bar,Scharffen Berger Bittersweet 70% Chocolate Bar,our_picks_gltnfr,pantry,3oz,"		$4.29/ea($22.58/lb)",4.29,ea(,22.58/lb),,
8644,Scharffen Berger Semisweet 62% Chocolate Bar,Scharffen Berger Semisweet 62% Chocolate Bar,our_picks_gltnfr,pantry,3oz,"		$4.29/ea($22.58/lb)",4.29,ea(,22.58/lb),,
8647,Bob's Red Mill All-Natural Xanthan Gum,Bob's Red Mill All-Natural Xanthan Gum,our_picks_gltnfr,pantry,8oz,"		$11.99/ea($23.98/lb)",11.99,ea(,23.98/lb),,
8648,Bob's Red Mill Natural Raw Whole Flaxseed,Bob's Red Mill Natural Raw Whole Flaxseed,our_picks_gltnfr,pantry,24oz,"		$3.99/ea($2.66/lb)",3.99,ea(,2.66/lb),,
8649,Bob's Red Mill Organic Coconut Flour,Bob's Red Mill Organic Coconut Flour,our_picks_gltnfr,pantry,16oz,"		$7.99/ea($7.99/lb)",7.99,ea(,7.99/lb),,
8650,Bob's Red Mill Whole Grain Brown Rice Flour,Bob's Red Mill Whole Grain Brown Rice Flour,our_picks_gltnfr,pantry,24oz,"		$3.49/ea($2.33/lb)",3.49,ea(,2.33/lb),,
8651,Cup4Cup Gluten-Free Flour,Cup4Cup Gluten-Free Flour,our_picks_gltnfr,pantry,3lb,"		$15.99/ea($5.33/lb)",15.99,ea(,5.33/lb),,
8652,Cup4Cup Gluten-Free Flour Pizza Crust Mix,Cup4Cup Gluten-Free Flour Pizza Crust Mix,our_picks_gltnfr,pantry,18oz,"		$9.99/ea($8.84/lb)",9.99,ea(,8.84/lb),,
8658,Bragg Organic Raw Unfiltered Apple Cider Vinegar,Bragg Organic Raw Unfiltered Apple Cider Vinegar,our_picks_gltnfr,pantry,16oz,"		$4.19/ea($4.19/pt)",4.19,ea(,4.19/pt),,
8716,"Kozy Shack Rice Pudding, No Sugar Added","Kozy Shack Rice Pudding, No Sugar Added",our_picks_gltnfr,pantry,4pk (4oz ea),"		$3.79/ea($2.53/lb)",3.79,ea(,2.53/lb),,
8717,Enjoy Life Gluten-Free Soft-Baked Double Chocolate Brownie Cookies,Enjoy Life Gluten-Free Soft-Baked Double Chocolate Brownie Cookies,our_picks_gltnfr,pantry,6oz,"		$4.29/ea($11.29/lb)",4.29,ea(,11.29/lb),,
8718,Enjoy Life Gluten-Free Soft-Baked Snicker Doodle Cookies,Enjoy Life Gluten-Free Soft-Baked Snicker Doodle Cookies,our_picks_gltnfr,pantry,6oz,"		$4.29/ea($11.29/lb)",4.29,ea(,11.29/lb),,
8725,"Häagen-Dazs Ice Cream, Butter Pecan","Häagen-Dazs Ice Cream, Butter Pecan",our_picks_gltnfr,pantry,14oz,"		$4.99/ea",4.99,ea,,,
8726,Lucy's Chocolate Chip Cookies,Lucy's Chocolate Chip Cookies,our_picks_gltnfr,pantry,5.5oz,"		$4.99/ea($14.68/lb)",4.99,ea(,14.68/lb),,
8727,Lucy's Oatmeal Cookies,Lucy's Oatmeal Cookies,our_picks_gltnfr,pantry,5.5oz,"		$4.99/ea($14.68/lb)",4.99,ea(,14.68/lb),,
8728,Lucy's Sugar Cookies,Lucy's Sugar Cookies,our_picks_gltnfr,pantry,5.5oz,"		$4.99/ea($14.68/lb)",4.99,ea(,14.68/lb),,
8730,Mi-Del Gluten-Free Arrowroot Animal Cookies,Mi-Del Gluten-Free Arrowroot Animal Cookies,our_picks_gltnfr,pantry,8oz,"		$4.99/ea($9.98/lb)",4.99,ea(,9.98/lb),,
8731,Mi-Del Gluten-Free Ginger Snaps,Mi-Del Gluten-Free Ginger Snaps,our_picks_gltnfr,pantry,8oz,"		$4.99/ea($9.98/lb)",4.99,ea(,9.98/lb),,
8734,Pamela's Gluten-Free Chunky Chocolate Chip Cookies,Pamela's Gluten-Free Chunky Chocolate Chip Cookies,our_picks_gltnfr,pantry,7.25oz,"		$3.99/ea($8.87/lb)",3.99,ea(,8.87/lb),,
8735,Pamela's Gluten-Free Dark Chocolate Chunk Cookies,Pamela's Gluten-Free Dark Chocolate Chunk Cookies,our_picks_gltnfr,pantry,5.29oz,"		$3.99/ea($12.09/lb)",3.99,ea(,12.09/lb),,
8738,Ciao Bella Blood Orange Sorbet,Ciao Bella Blood Orange Sorbet,our_picks_gltnfr,pantry,14oz,"		$0.00/null($0.00/lb)",0,null(,0.00/lb),,
8750,"Aidells All-Natural Chicken Meatballs, Caramelized Onion","Aidells All-Natural Chicken Meatballs, Caramelized Onion",our_picks_gltnfr,pantry,12oz,"		$5.99/ea($7.99/lb)",5.99,ea(,7.99/lb),,
8759,Applegate Farms Natural Uncured Turkey Hot Dog,Applegate Farms Natural Uncured Turkey Hot Dog,our_picks_gltnfr,pantry,12oz,"		$5.99/ea($7.99/lb)",5.99,ea(,7.99/lb),,
8760,"Applegate Farms Organic Spicy Andouille Chicken & Turkey Sausage, Fully Cooked","Applegate Farms Organic Spicy Andouille Chicken & Turkey Sausage, Fully Cooked",our_picks_gltnfr,pantry,12oz,"		$7.99/ea($10.65/lb)",7.99,ea(,10.65/lb),,
8761,Applegate Farms Organic Spinach & Feta Chicken & Turkey Sausage,Applegate Farms Organic Spinach & Feta Chicken & Turkey Sausage,our_picks_gltnfr,pantry,4 links (12oz),"		$7.99/ea($10.65/lb)",7.99,ea(,10.65/lb),,
8774,Applegate Farms Natural Uncured Beef Hot Dog,Applegate Farms Natural Uncured Beef Hot Dog,our_picks_gltnfr,pantry,12oz,"		$0.00/null($0.00/lb)",0,null(,0.00/lb),,
8778,"Ella's Kitchen Broccoli, Pears & Peas Puree","Ella's Kitchen Broccoli, Pears & Peas Puree",our_picks_gltnfr,pantry,3.5oz,"		$1.99/ea($9.05/lb)",1.99,ea(,9.05/lb),,
8779,"Ella's Kitchen Organic Stage 2, Apples, Sweet Potatoes, Pumpkin + Blueberries","Ella's Kitchen Organic Stage 2, Apples, Sweet Potatoes, Pumpkin + Blueberries",our_picks_gltnfr,pantry,3.5oz,"		$1.99/ea($9.05/lb)",1.99,ea(,9.05/lb),,
8780,"happyfamily happytot Organic Super Foods Banana, Peach & Mango","happyfamily happytot Organic Super Foods Banana, Peach & Mango",our_picks_gltnfr,pantry,4.22oz,"		$1.59/ea($6.12/lb)",1.59,ea(,6.12/lb),,
8781,"happyfamily happyyogis Organic Yogurt & Fruit Snacks, Strawberry","happyfamily happyyogis Organic Yogurt & Fruit Snacks, Strawberry",our_picks_gltnfr,pantry,1oz,"		$3.99/ea($66.50/lb)",3.99,ea(,66.50/lb),,
8784,"Baby Mum-Mum Organic Rice Rusks, Original","Baby Mum-Mum Organic Rice Rusks, Original",our_picks_gltnfr,pantry,1.76oz,"		$3.99/ea($36.27/lb)",3.99,ea(,36.27/lb),,
8785,"Baby Mum-Mum Rice Rusks, Apple","Baby Mum-Mum Rice Rusks, Apple",our_picks_gltnfr,pantry,24ct,"		$3.49/ea($0.15/ct)",3.49,ea(,0.15/ct),,
8786,"Baby Mum-Mum Rice Rusks, Banana","Baby Mum-Mum Rice Rusks, Banana",our_picks_gltnfr,pantry,1.76oz,"		$3.49/ea($31.73/lb)",3.49,ea(,31.73/lb),,
8787,"Baby Mum-Mum Rice Rusks, Vegetable","Baby Mum-Mum Rice Rusks, Vegetable",our_picks_gltnfr,pantry,1.76oz,"		$3.49/ea($31.73/lb)",3.49,ea(,31.73/lb),,
8788,Ella's Kitchen Apples Apples Apples Puree,Ella's Kitchen Apples Apples Apples Puree,our_picks_gltnfr,pantry,2.5oz,"		$1.59/ea($9.94/lb)",1.59,ea(,9.94/lb),,
8789,"Ella's Kitchen Carrots, Apples & Parsnips Puree","Ella's Kitchen Carrots, Apples & Parsnips Puree",our_picks_gltnfr,pantry,3.5oz,"		$2.29/ea($10.41/lb)",2.29,ea(,10.41/lb),,
8790,"Ella's Kitchen Organic Stage 1, Mangoes Mangoes Mangoes","Ella's Kitchen Organic Stage 1, Mangoes Mangoes Mangoes",our_picks_gltnfr,pantry,2.5oz,"		$1.59/ea($9.94/lb)",1.59,ea(,9.94/lb),,
8791,"Ella's Kitchen Organic Stage 2, Pear + Blueberry Baby Breakfast","Ella's Kitchen Organic Stage 2, Pear + Blueberry Baby Breakfast",our_picks_gltnfr,pantry,3.5oz,"		$1.99/ea($9.05/lb)",1.99,ea(,9.05/lb),,
8792,Ella's Kitchen Raisin & Prune Baby Brekkie,Ella's Kitchen Raisin & Prune Baby Brekkie,our_picks_gltnfr,pantry,3.5oz,"		$1.99/ea($9.05/lb)",1.99,ea(,9.05/lb),,
8793,Ella's Kitchen The Red One Squished Smoothie Fruits,Ella's Kitchen The Red One Squished Smoothie Fruits,our_picks_gltnfr,pantry,3oz,"		$1.79/ea($9.42/lb)",1.79,ea(,9.42/lb),,
8794,Ella's Kitchen The Yellow One Squished Smoothie Fruits,Ella's Kitchen The Yellow One Squished Smoothie Fruits,our_picks_gltnfr,pantry,3oz,"		$1.79/ea($9.42/lb)",1.79,ea(,9.42/lb),,
8795,"happyfamily happymunchies Rice Cakes, Apple","happyfamily happymunchies Rice Cakes, Apple",our_picks_gltnfr,pantry,1.4oz,"		$3.59/ea($39.89/lb)",3.59,ea(,39.89/lb),,
8796,"happyfamily happymunchies Rice Cakes, Carrot","happyfamily happymunchies Rice Cakes, Carrot",our_picks_gltnfr,pantry,1.4oz,"		$3.59/ea($39.89/lb)",3.59,ea(,39.89/lb),,
8797,"happyfamily happypuffs Organic Gluten-Free Puffs, Sweet Potato","happyfamily happypuffs Organic Gluten-Free Puffs, Sweet Potato",our_picks_gltnfr,pantry,2.1oz,"		$3.69/ea($28.38/lb)",3.69,ea(,28.38/lb),,
8798,"happyfamily happytimes Organic Yogis Yogurt Bites, Mixed Fruit","happyfamily happytimes Organic Yogis Yogurt Bites, Mixed Fruit",our_picks_gltnfr,pantry,5ct,"		$4.99/ea($1.00/ct)",4.99,ea(,1.00/ct),,
8799,"happyfamily happyyogis Organic Yogurt & Fruit Snacks, Banana Mango","happyfamily happyyogis Organic Yogurt & Fruit Snacks, Banana Mango",our_picks_gltnfr,pantry,1oz,"		$3.99/ea($66.50/lb)",3.99,ea(,66.50/lb),,
8800,"happyfamily happyyogis Organic Yogurt & Fruit Snacks, Mixed Berry","happyfamily happyyogis Organic Yogurt & Fruit Snacks, Mixed Berry",our_picks_gltnfr,pantry,1oz,"		$3.99/ea($66.50/lb)",3.99,ea(,66.50/lb),,
8801,"Toddler Mum-Mum Organic Rice Biscuits, Strawberry","Toddler Mum-Mum Organic Rice Biscuits, Strawberry",our_picks_gltnfr,pantry,24ct,"		$3.99/ea($0.17/ct)",3.99,ea(,0.17/ct),,
8802,"happyfamily happybaby Gentle Teethers, Organic Teething Wafers, Banana & Sweet Potato","happyfamily happybaby Gentle Teethers, Organic Teething Wafers, Banana & Sweet Potato",our_picks_gltnfr,pantry,1.7oz,"		$5.89/ea($53.55/lb)",5.89,ea(,53.55/lb),,
8803,"happyfamily happybaby Gentle Teethers, Organic Teething Wafers, Blueberry & Purple Carrot","happyfamily happybaby Gentle Teethers, Organic Teething Wafers, Blueberry & Purple Carrot",our_picks_gltnfr,pantry,1.7oz,"		$5.89/ea($53.55/lb)",5.89,ea(,53.55/lb),,
8804,"happyfamily happypuffs Organic Puffs, Purple Carrot & Blueberry","happyfamily happypuffs Organic Puffs, Purple Carrot & Blueberry",our_picks_gltnfr,pantry,2.1oz,"		$3.69/ea($28.38/lb)",3.69,ea(,28.38/lb),,
8805,"Materne GoGo Squeez Fruit & Veggies On The Go Zippin' Zingin' Pear: Apple, Pear, Carrot","Materne GoGo Squeez Fruit & Veggies On The Go Zippin' Zingin' Pear: Apple, Pear, Carrot",our_picks_gltnfr,pantry,"4ct, 3.2oz ea","		$3.99/ea($4.99/lb)",3.99,ea(,4.99/lb),,
8806,"Materne GoGo Squeez Fruit & Veggies On The Go, Boulder Berry: Apple, Carrot,  Mixed Berries","Materne GoGo Squeez Fruit & Veggies On The Go, Boulder Berry: Apple, Carrot,  Mixed Berries",our_picks_gltnfr,pantry,"4ct, 3.2oz eac","		$3.99/ea($4.99/lb)",3.99,ea(,4.99/lb),,
8807,"Materne GoGo Squeez Fruit & Veggies On The Go, Great'Full Grape: Apple, Sweet Potato, Grape","Materne GoGo Squeez Fruit & Veggies On The Go, Great'Full Grape: Apple, Sweet Potato, Grape",our_picks_gltnfr,pantry,"4ct, 3.2oz ea","		$3.99/ea($4.99/lb)",3.99,ea(,4.99/lb),,
8808,"Materne GoGo Squeez Fruit & Veggies On The Go, Pedal Pedal Peach: Apple, Peach, Sweet Potato","Materne GoGo Squeez Fruit & Veggies On The Go, Pedal Pedal Peach: Apple, Peach, Sweet Potato",our_picks_gltnfr,pantry,"4ct, 3.2oz ea","		$3.99/ea($4.99/lb)",3.99,ea(,4.99/lb),,
8819,"Toddler Mum-Mum Rice Biscuits, Apple","Toddler Mum-Mum Rice Biscuits, Apple",our_picks_gltnfr,pantry,20ct,"		$3.49/ea($0.17/ct)",3.49,ea(,0.17/ct),,
8820,Little Duck Organics Strawberry & Mango Tiny Fruits,Little Duck Organics Strawberry & Mango Tiny Fruits,our_picks_gltnfr,pantry,1oz," 	$0.00/null $4.19",0,null ,4.19,,
8821,"happyfamily happytot Organic Gluten-Free Best Friends Toddler Cookies, Chocolate Pumpkin","happyfamily happytot Organic Gluten-Free Best Friends Toddler Cookies, Chocolate Pumpkin",our_picks_gltnfr,pantry,4.5oz," 	$0.00/null $4.29",0,null ,4.29,,
8822,Little Duck Organics Apple & Banana Tiny Fruits,Little Duck Organics Apple & Banana Tiny Fruits,our_picks_gltnfr,pantry,1oz," 	$0.00/null $4.19",0,null ,4.19,,
8827,"Lifeway Low-Fat Kefir, Plain","Lifeway Low-Fat Kefir, Plain",our_picks_gltnfr,pantry,32oz,"		$3.99/ea($2.00/lb)",3.99,ea(,2.00/lb),,
8828,"Evolve Kefir Lowfat Probiotic Smoothie, Plain","Evolve Kefir Lowfat Probiotic Smoothie, Plain",our_picks_gltnfr,pantry,32oz,"		$3.79/ea($1.90/lb)",3.79,ea(,1.90/lb),,
8829,"Lifeway Low-Fat Kefir, Strawberry","Lifeway Low-Fat Kefir, Strawberry",our_picks_gltnfr,pantry,1qt,"		$3.99/ea($2.00/lb)",3.99,ea(,2.00/lb),,
8830,"Evolve Kefir Lowfat Probiotic Smoothie, Natural Strawberry","Evolve Kefir Lowfat Probiotic Smoothie, Natural Strawberry",our_picks_gltnfr,pantry,32oz,"		$3.79/ea($1.90/lb)",3.79,ea(,1.90/lb),,
8836,"Angry Orchard Hard Cider, Crisp Apple","Angry Orchard Hard Cider, Crisp Apple",our_picks_gltnfr,pantry,"6pk, 12oz bottles","		$10.99/ea($2.44/pt)",10.99,ea(,2.44/pt),,
8837,"Angry Orchard Hard Cider, Traditional Dry","Angry Orchard Hard Cider, Traditional Dry",our_picks_gltnfr,pantry,"6pk, 12oz bottles","		$10.99/ea($2.44/pt)",10.99,ea(,2.44/pt),,
8843,Estrella Damm Daura Gluten-Free Lager,Estrella Damm Daura Gluten-Free Lager,our_picks_gltnfr,pantry,"4pk, 11.2oz ea","		$7.99/ea($2.85/pt)",7.99,ea(,2.85/pt),,
8852,"Angry Orchard Hard Cider, Apple Ginger","Angry Orchard Hard Cider, Apple Ginger",our_picks_gltnfr,pantry,"6pk, 12oz bottles","		$10.99/ea($2.44/pt)",10.99,ea(,2.44/pt),,
8853,Bard's Tale Beer (Gluten-Free) Sorghum Lager,Bard's Tale Beer (Gluten-Free) Sorghum Lager,our_picks_gltnfr,pantry,12oz bottles 6pk,"		$12.99/ea($17.32/pt)",12.99,ea(,17.32/pt),,
8854,"Bard's Tale Beer , Sorghum Lager, Case","Bard's Tale Beer , Sorghum Lager, Case",our_picks_gltnfr,pantry,"12oz bottle, 24 per case","		$46.49/cs($2.58/pt)",46.49,cs(,2.58/pt),,
8855,"Lifeway Low-Fat Kefir, Blueberry","Lifeway Low-Fat Kefir, Blueberry",our_picks_gltnfr,pantry,32oz,"		$3.99/ea($2.00/pt)",3.99,ea(,2.00/pt),,
8856,"Lifeway Low-Fat Kefir, Raspberry","Lifeway Low-Fat Kefir, Raspberry",our_picks_gltnfr,pantry,32oz,"		$3.99/ea($2.00/pt)",3.99,ea(,2.00/pt),,
8868,"V8 Splash Juice Beverage, Tropical Splash","V8 Splash Juice Beverage, Tropical Splash",our_picks_gltnfr,pantry,64floz,"		$3.49/ea($0.87/pt)",3.49,ea(,0.87/pt),,
8870,Woodchuck Amber Cider,Woodchuck Amber Cider,our_picks_gltnfr,pantry,12oz bottles 6pk,"		$10.99/ea($2.44/pt)",10.99,ea(,2.44/pt),,
8871,"Woodchuck Amber Draft Cider, Case","Woodchuck Amber Draft Cider, Case",our_picks_gltnfr,pantry,"12oz bottle, 24 per case","		$39.49/cs($2.19/pt)",39.49,cs(,2.19/pt),,
8872,Woodchuck Granny Smith Cider,Woodchuck Granny Smith Cider,our_picks_gltnfr,pantry,12oz bottles 6pk,"		$10.99/ea($2.44/pt)",10.99,ea(,2.44/pt),,
8873,"Woodchuck Granny Smith Draft Cider, Case","Woodchuck Granny Smith Draft Cider, Case",our_picks_gltnfr,pantry,"12oz bottle, 24 per case","		$39.49/cs($2.19/pt)",39.49,cs(,2.19/pt),,
8874,Woodchuck Pear Cider,Woodchuck Pear Cider,our_picks_gltnfr,pantry,12oz bottles 6pk,"		$10.99/ea($2.44/pt)",10.99,ea(,2.44/pt),,
8875,"Woodchuck Pear Draft Cider, Case","Woodchuck Pear Draft Cider, Case",our_picks_gltnfr,pantry,"12oz bottle, 24 per case","		$39.49/cs($2.19/pt)",39.49,cs(,2.19/pt),,
8878,"Avalon Organics Gluten-Free Bath & Shower Gel, Fragrance Free Cucumber","Avalon Organics Gluten-Free Bath & Shower Gel, Fragrance Free Cucumber",our_picks_gltnfr,pantry,11oz,"		$10.99/ea($1.00/oz)",10.99,ea(,1.00/oz),,
8879,"Avalon Organics Gluten-Free Hand & Body Lotion, Fragrance Free Cucumber","Avalon Organics Gluten-Free Hand & Body Lotion, Fragrance Free Cucumber",our_picks_gltnfr,pantry,11oz,"		$11.99/ea($1.09/oz)",11.99,ea(,1.09/oz),,
8884,"South of France Bar Soap, Blooming Jasmine","South of France Bar Soap, Blooming Jasmine",our_picks_gltnfr,pantry,6oz," 	$0.00/null $4.89($0.00/oz)",0,null ,4.89(0.00/oz),0.00/oz),
8885,"South of France Bar Soap, Mediterranean Fig","South of France Bar Soap, Mediterranean Fig",our_picks_gltnfr,pantry,6oz," 	$0.00/null $4.89($0.00/oz)",0,null ,4.89(0.00/oz),0.00/oz),
8886,"South of France Bar Soap, Orange Blossom Honey","South of France Bar Soap, Orange Blossom Honey",our_picks_gltnfr,pantry,6oz," 	$0.00/null $4.89($0.00/oz)",0,null ,4.89(0.00/oz),0.00/oz),
8887,"South of France Bar Soap, Sweet Almond","South of France Bar Soap, Sweet Almond",our_picks_gltnfr,pantry,6oz," 	$0.00/null $3.99($0.00/oz)",0,null ,3.99(0.00/oz),0.00/oz),
8888,"South of France Hand Wash, Orange Blossom Honey","South of France Hand Wash, Orange Blossom Honey",our_picks_gltnfr,pantry,8oz," 	$0.00/null $4.89($0.00/oz)",0,null ,4.89(0.00/oz),0.00/oz),
8950,"Boneless Center-Cut Pork Loin Chop, Raised Without Antibiotics","Boneless Center-Cut Pork Loin Chop, Raised Without Antibiotics",mea_organic_link,shop,NA,"		$8.49/lb",8.49,lb,,,
8951,"Boneless Pork Tenderloin Roast, Raised Without Antibiotics","Boneless Pork Tenderloin Roast, Raised Without Antibiotics",mea_organic_link,shop,NA,"		$9.99/lb",9.99,lb,,,
8952,"Pork Baby Back Ribs, Raised Without Antibiotics","Pork Baby Back Ribs, Raised Without Antibiotics",mea_organic_link,shop,NA,"		$8.49/lb",8.49,lb,,,
8953,"Pork Loin Rib Chop, Bone-In, Raised without Antibiotics","Pork Loin Rib Chop, Bone-In, Raised without Antibiotics",mea_organic_link,shop,NA,"		$7.99/lb",7.99,lb,,,
8954,"Boneless Center-Cut Pork Loin Roast, Raised Without Antibiotics","Boneless Center-Cut Pork Loin Roast, Raised Without Antibiotics",mea_organic_link,shop,NA,"		$7.99/lb",7.99,lb,,,
8955,"Frenched Center-Cut Pork Loin Chop, Raised Without Antibiotics","Frenched Center-Cut Pork Loin Chop, Raised Without Antibiotics",mea_organic_link,shop,NA,"		$8.49/lb",8.49,lb,,,
8956,"Pork Loin Chop, Bone-In, Raised Without Antibiotics","Pork Loin Chop, Bone-In, Raised Without Antibiotics",mea_organic_link,shop,NA,"		$7.49/lb",7.49,lb,,,
8957,"Pork Tenderloin, Untrimmed, Raised Without Antibiotics","Pork Tenderloin, Untrimmed, Raised Without Antibiotics",mea_organic_link,shop,NA,"		$8.99/lb",8.99,lb,,,
8958,"Uncured Smoked Boneless Half Ham, Raised without Antibiotics","Uncured Smoked Boneless Half Ham, Raised without Antibiotics",mea_organic_link,shop,NA," 	$2.99/lb $4.99Save 40%",2.99,lb ,4.99Save 40%,,
8959,"Bone-In Center-Cut Pork Loin Roast, Raised Without Antibiotics","Bone-In Center-Cut Pork Loin Roast, Raised Without Antibiotics",mea_organic_link,shop,NA,"		$6.99/lb",6.99,lb,,,
8960,"Bone-In Center-Cut Pork Loin Special Roast, Raised Without Antibiotics","Bone-In Center-Cut Pork Loin Special Roast, Raised Without Antibiotics",mea_organic_link,shop,NA,"		$7.49/lb",7.49,lb,,,
8961,"Boneless Center-Cut Pork Loin, Untrimmed, Raised Without Antibiotics","Boneless Center-Cut Pork Loin, Untrimmed, Raised Without Antibiotics",mea_organic_link,shop,NA,"		$5.99/lb",5.99,lb,,,
8962,"Boneless Pork Shoulder Roast, Raised without Antibiotics ","Boneless Pork Shoulder Roast, Raised without Antibiotics ",mea_organic_link,shop,NA," 	$3.99/lb $4.99Save 20%",3.99,lb ,4.99Save 20%,,
8963,"Butterflied Boneless Pork Loin Chop, Raised Without Antibiotics","Butterflied Boneless Pork Loin Chop, Raised Without Antibiotics",mea_organic_link,shop,NA,"		$8.99/lb",8.99,lb,,,
8964,"Pork Shoulder Roast, Raised without Antibiotics ","Pork Shoulder Roast, Raised without Antibiotics ",mea_organic_link,shop,NA,"		$4.49/lb",4.49,lb,,,
8965,"St. Louis-Style Pork Spareribs, Raised Without Antibiotics","St. Louis-Style Pork Spareribs, Raised Without Antibiotics",mea_organic_link,shop,NA,"		$0.00/null",0,null,,,
8980,"Plainville Fresh Turkey Burgers, Raised Without Antibiotics ","Plainville Fresh Turkey Burgers, Raised Without Antibiotics ",mea_organic_link,shop,"4pk, 4oz ea","		$6.49/ea",6.49,ea,,,
9008,"Plainville Farms Boneless Turkey Breast Roast, Raised Without Antibiotics","Plainville Farms Boneless Turkey Breast Roast, Raised Without Antibiotics",mea_organic_link,shop,NA,"		$7.99/lb",7.99,lb,,,
9009,"Plainville Farms Turkey Tenderloin, Raised Without Antibiotics","Plainville Farms Turkey Tenderloin, Raised Without Antibiotics",mea_organic_link,shop,NA,"		$7.29/lb",7.29,lb,,,
9045,FreshDirect Chicken & Broccoli Stir-Fry Kit (Chicken Raised w/o Antibiotics),FreshDirect Chicken & Broccoli Stir-Fry Kit (Chicken Raised w/o Antibiotics),rtc_asian,rtc,24oz," 	$9.99/serves 2 $13.49Save 26%($6.66/lb)",9.99,serves 2 ,13.49Save 26%(6.66/lb),6.66/lb),
9046,FreshDirect Pork & Chive Dumplings with Sesame-Soy Sauce,FreshDirect Pork & Chive Dumplings with Sesame-Soy Sauce,rtc_asian,rtc,6.2oz,"		$5.69/6pcs($14.59/lb)",5.69,6pcs(,14.59/lb),,
9047,FreshDirect Thai-Style Noodles w/ Basil Chicken Stir-Fry Kit (Chicken Raised w/o Antibiotics),FreshDirect Thai-Style Noodles w/ Basil Chicken Stir-Fry Kit (Chicken Raised w/o Antibiotics),rtc_asian,rtc,24oz,"		$12.79/serves 2($8.53/lb)",12.79,serves 2(,8.53/lb),,
9048,FreshDirect Chicken Teriyaki Stir-Fry Kit (Chicken raised w/o Antibiotics),FreshDirect Chicken Teriyaki Stir-Fry Kit (Chicken raised w/o Antibiotics),rtc_asian,rtc,24oz,"		$13.49/serves 2($8.99/lb)",13.49,serves 2(,8.99/lb),,
9049,FreshDirect Spicy Kung Pao Chicken Stir-Fry Kit (Raised w/o Antibiotics),FreshDirect Spicy Kung Pao Chicken Stir-Fry Kit (Raised w/o Antibiotics),rtc_asian,rtc,24oz,"		$11.79/serves 2($7.86/lb)",11.79,serves 2(,7.86/lb),,
9050,FreshDirect Beef & Broccoli Stir-Fry Kit,FreshDirect Beef & Broccoli Stir-Fry Kit,rtc_asian,rtc,24oz,"		$14.89/serves 2($9.93/lb)",14.89,serves 2(,9.93/lb),,
9051,FreshDirect Beef & Veggies with Black Bean Sauce Stir-Fry Kit,FreshDirect Beef & Veggies with Black Bean Sauce Stir-Fry Kit,rtc_asian,rtc,24oz,"		$14.89/serves 2($9.93/lb)",14.89,serves 2(,9.93/lb),,
9053,FreshDirect Cashew Chicken Stir-Fry Kit (Chicken Raised w/o Antibiotics),FreshDirect Cashew Chicken Stir-Fry Kit (Chicken Raised w/o Antibiotics),rtc_asian,rtc,24oz,"		$12.99/serves 2($8.66/lb)",12.99,serves 2(,8.66/lb),,
9054,FreshDirect Mu Shu Chicken Stir-Fry Kit (Chicken Raised w/o Antibiotics),FreshDirect Mu Shu Chicken Stir-Fry Kit (Chicken Raised w/o Antibiotics),rtc_asian,rtc,24oz,"		$12.79/serves 2($8.53/lb)",12.79,serves 2(,8.53/lb),,
9055,FreshDirect Pad Thai Stir-Fry Kit,FreshDirect Pad Thai Stir-Fry Kit,rtc_asian,rtc,22oz,"		$11.99/serves 2($8.69/lb)",11.99,serves 2(,8.69/lb),,
9056,FreshDirect Spicy Kung Pao Shrimp Stir-Fry Kit,FreshDirect Spicy Kung Pao Shrimp Stir-Fry Kit,rtc_asian,rtc,24oz,"		$16.29/serves 2($10.86/lb)",16.29,serves 2(,10.86/lb),,
9057,FreshDirect Tofu & Veggies with Black Bean Sauce Stir-Fry Kit,FreshDirect Tofu & Veggies with Black Bean Sauce Stir-Fry Kit,rtc_asian,rtc,24oz,"		$11.79/serves 2($7.86/lb)",11.79,serves 2(,7.86/lb),,
9058,FreshDirect Veggie Lo Mein Stir-Fry Kit,FreshDirect Veggie Lo Mein Stir-Fry Kit,rtc_asian,rtc,24oz,"		$11.79/serves 2($7.86/lb)",11.79,serves 2(,7.86/lb),,
9060,FreshDirect Chicken & Lemongrass Dumplings with Hoisin Sauce,FreshDirect Chicken & Lemongrass Dumplings with Hoisin Sauce,rtc_asian,rtc,6pcs,"		$5.69/ea($0.95/ct)",5.69,ea(,0.95/ct),,
9061,FreshDirect Chicken Wontons with Szechuan-Style Peanut Sauce,FreshDirect Chicken Wontons with Szechuan-Style Peanut Sauce,rtc_asian,rtc,6.1oz,"		$5.69/7pcs($14.97/lb)",5.69,7pcs(,14.97/lb),,
9062,FreshDirect Vegetable Dumplings with Sesame-Soy Sauce,FreshDirect Vegetable Dumplings with Sesame-Soy Sauce,rtc_asian,rtc,5.3oz,"		$5.69/6pcs($17.24/lb)",5.69,6pcs(,17.24/lb),,
9063,FreshDirect Vegetarian Spinach & Tofu Dumplings with Sesame-Soy Sauce,FreshDirect Vegetarian Spinach & Tofu Dumplings with Sesame-Soy Sauce,rtc_asian,rtc,5.5oz,"		$5.69/6pcs($16.74/lb)",5.69,6pcs(,16.74/lb),,
9064,FreshDirect Barbecue Pork Buns,FreshDirect Barbecue Pork Buns,rtc_asian,rtc,6oz,"		$5.69/2pcs($14.97/lb)",5.69,2pcs(,14.97/lb),,
9065,FreshDirect Basil Chicken Dumplings with Nam Pla (Thai Fish Sauce),FreshDirect Basil Chicken Dumplings with Nam Pla (Thai Fish Sauce),rtc_asian,rtc,5.5oz,"		$5.69/6pcs($16.74/lb)",5.69,6pcs(,16.74/lb),,
9066,FreshDirect Chicken & 7-Grain Dumplings with Hoisin Sauce,FreshDirect Chicken & 7-Grain Dumplings with Hoisin Sauce,rtc_asian,rtc,5.7oz,"		$5.99/6pcs($16.64/lb)",5.99,6pcs(,16.64/lb),,
9067,FreshDirect Kung Pao Chicken Buns,FreshDirect Kung Pao Chicken Buns,rtc_asian,rtc,5.7oz,"		$5.69/3pcs($15.81/lb)",5.69,3pcs(,15.81/lb),,
9068,FreshDirect Roast Pork and Vegetarian Bun Assortment,FreshDirect Roast Pork and Vegetarian Bun Assortment,rtc_asian,rtc,6pcs,"		$9.99/ea($1.66/ct)",9.99,ea(,1.66/ct),,
9069,FreshDirect Veggie Dim Sum,FreshDirect Veggie Dim Sum,rtc_asian,rtc,12pcs,"		$9.99/ea($0.83/ct)",9.99,ea(,0.83/ct),,
9083,"Ito En Teas' Tea, Jasmine Green Tea","Ito En Teas' Tea, Jasmine Green Tea",rtc_asian,rtc,16.9oz,"		$1.99/ea($1.88/pt)",1.99,ea(,1.88/pt),,
9084,Sapporo Beer,Sapporo Beer,rtc_asian,rtc,12oz bottles 6pk,"		$10.99/ea($2.44/pt)",10.99,ea(,2.44/pt),,
9085,Singha Beer,Singha Beer,rtc_asian,rtc,"11.2oz bottles, 6pk"," 	$8.99/ea $10.99Save! 2 for $16.00($12.84/pt)",8.99,ea ,10.99Save! 2 for 16.00(12.84/pt),16.00(,12.84/pt)
9093,Nissin Top Ramen Chicken Ramen Noodle Soup Mix,Nissin Top Ramen Chicken Ramen Noodle Soup Mix,gro_soup,pantry,3oz,"		$0.39/ea($2.05/lb)",0.39,ea(,2.05/lb),,
9109,Nissin Cup Noodles Chicken Ramen Noodle Soup Mix,Nissin Cup Noodles Chicken Ramen Noodle Soup Mix,gro_soup,pantry,2.25oz,"		$0.49/ea($3.50/lb)",0.49,ea(,3.50/lb),,
9141,Dr. McDougall's Vegan Chicken Ramen,Dr. McDougall's Vegan Chicken Ramen,gro_soup,pantry,1.8oz,"		$2.09/ea($19.00/lb)",2.09,ea(,19.00/lb),,
9142,Dr. McDougall's Vegan Miso Ramen,Dr. McDougall's Vegan Miso Ramen,gro_soup,pantry,1.9oz,"		$2.09/ea($17.42/lb)",2.09,ea(,17.42/lb),,
9146,Lipton Soup Secrets Chicken Noodle Soup Mix,Lipton Soup Secrets Chicken Noodle Soup Mix,gro_soup,pantry,4.5oz,"		$1.99/ea",1.99,ea,,,
9150,Nissin Top Ramen Beef Ramen Noodle Soup Mix,Nissin Top Ramen Beef Ramen Noodle Soup Mix,gro_soup,pantry,3oz,"		$0.39/ea($2.05/lb)",0.39,ea(,2.05/lb),,
9174,Barilla Italian Entrées Tomato & Basil Penne,Barilla Italian Entrées Tomato & Basil Penne,gro_soup,pantry,9oz,"		$2.79/ea($4.98/lb)",2.79,ea(,4.98/lb),,
9176,"Dr. McDougall's All-Natural Asian Entrée, Spicy Szcheuan Noodle","Dr. McDougall's All-Natural Asian Entrée, Spicy Szcheuan Noodle",gro_soup,pantry,2oz,"		$2.09/ea($16.08/lb)",2.09,ea(,16.08/lb),,
9177,"Dr. McDougall's All-Natural Asian Entrée, Teriyaki Noodle","Dr. McDougall's All-Natural Asian Entrée, Teriyaki Noodle",gro_soup,pantry,1.9oz,"		$2.09/ea($17.42/lb)",2.09,ea(,17.42/lb),,
9178,"Dr. McDougall's All-Natural Asian Entrée, Thai Peanut Noodle","Dr. McDougall's All-Natural Asian Entrée, Thai Peanut Noodle",gro_soup,pantry,1.9oz,"		$2.09/ea($17.42/lb)",2.09,ea(,17.42/lb),,
9200,Sushi Chef White Miso Soup Mix,Sushi Chef White Miso Soup Mix,gro_soup,pantry,"12ct, 0.5oz ea","		$10.79/ea($28.39/lb)",10.79,ea(,28.39/lb),,
9201,Lipton Recipe Secrets Onion Soup Mix,Lipton Recipe Secrets Onion Soup Mix,gro_soup,pantry,2.0oz.,"		$0.00/null($0.00/lb)",0,null(,0.00/lb),,
9213,"FreshDirect Fresh Berry Trifle, Small","FreshDirect Fresh Berry Trifle, Small",pudfl,bakery,9oz,"		$5.99/ea($10.70/lb)",5.99,ea(,10.70/lb),,
9215,"FreshDirect Chocolate Soufflé, Frozen","FreshDirect Chocolate Soufflé, Frozen",pudfl,bakery,2pk,"		$8.99/ea($4.50/ct)",8.99,ea(,4.50/ct),,
9216,FreshDirect Crème Caramel,FreshDirect Crème Caramel,pudfl,bakery,2pk (8oz),"		$3.99/2pkSave! 2 for $6.00($2.00/ct)",3.99,2pkSave! 2 for ,6.00(2.00/ct),2.00/ct),
9219,"FreshDirect Fresh Berry Trifle, Large","FreshDirect Fresh Berry Trifle, Large",pudfl,bakery,2lbs,"		$12.99/ea($6.50/lb)",12.99,ea(,6.50/lb),,
9276,Amstel Light,Amstel Light,cat_popbev,catering,12oz bottles 12pk," 	$16.99/ea $20.99Save 18%($1.89/pt)",16.99,ea ,20.99Save 18%(1.89/pt),1.89/pt),
9277,Blue Moon Belgian White Wheat Ale,Blue Moon Belgian White Wheat Ale,cat_popbev,catering,"12pk, 12oz bottles","		$20.99/ea($2.33/pt)",20.99,ea(,2.33/pt),,
9278,Bud Light 18 Pack,Bud Light 18 Pack,cat_popbev,catering,12oz cans 18pk," 	$15.99/ea $17.99Save 10%($1.18/pt)",15.99,ea ,17.99Save 10%(1.18/pt),1.18/pt),
9279,Budweiser 18 pack,Budweiser 18 pack,cat_popbev,catering,12oz cans 18pk,"		$18.99/ea($1.41/pt)",18.99,ea(,1.41/pt),,
9280,Corona Extra,Corona Extra,cat_popbev,catering,12oz bottles 12pk," 	$16.99/ea $20.99Save 18%($1.89/pt)",16.99,ea ,20.99Save 18%(1.89/pt),1.89/pt),
9281,Corona Light,Corona Light,cat_popbev,catering,12oz bottles 12pk," 	$16.99/ea $20.99Save 18%($1.89/pt)",16.99,ea ,20.99Save 18%(1.89/pt),1.89/pt),
9282,Heineken,Heineken,cat_popbev,catering,12oz bottles 12pk,"		$20.99/ea($2.33/pt)",20.99,ea(,2.33/pt),,
9283,"Stella Artois Lager, Case","Stella Artois Lager, Case",cat_popbev,catering,"12oz bottles, 24 per case","		$39.49/cs($2.19/pt)",39.49,cs(,2.19/pt),,
9284,"Anchor Brewing Steam Beer, Case","Anchor Brewing Steam Beer, Case",cat_popbev,catering,"12oz bottle, 24 per case","		$42.99/cs($2.39/pt)",42.99,cs(,2.39/pt),,
9286,"Beck's Haake Beck Non-Alcoholic Beer, Case","Beck's Haake Beck Non-Alcoholic Beer, Case",cat_popbev,catering,"12oz bottle, 24 per case","		$31.99/cs($1.78/pt)",31.99,cs(,1.78/pt),,
9287,"Beck's Light Lager, Case","Beck's Light Lager, Case",cat_popbev,catering,"12oz bottle, 24 per case","		$39.49/cs($2.19/pt)",39.49,cs(,2.19/pt),,
9288,"Beck's , Case","Beck's , Case",cat_popbev,catering,"12oz bottles, 24 per case","		$39.49/cs($2.19/pt)",39.49,cs(,2.19/pt),,
9289,"Blue Moon Belgian White Ale, Case","Blue Moon Belgian White Ale, Case",cat_popbev,catering,"12oz bottle, 24 per case","		$39.49/cs($2.19/pt)",39.49,cs(,2.19/pt),,
9290,"Blue Point Blueberry Ale, Case","Blue Point Blueberry Ale, Case",cat_popbev,catering,"12oz bottle, 24 per case","		$39.49/cs($2.19/pt)",39.49,cs(,2.19/pt),,
9291,"Blue Point Toasted Lager, Case","Blue Point Toasted Lager, Case",cat_popbev,catering,"12oz bottle, 24 per case","		$39.49/cs($2.19/pt)",39.49,cs(,2.19/pt),,
9292,"Brooklyn Brewery Brown Ale, Case","Brooklyn Brewery Brown Ale, Case",cat_popbev,catering,"12oz bottle, 24 per case","		$39.49/cs($2.19/pt)",39.49,cs(,2.19/pt),,
9293,"Brooklyn Brewery East India Pale Ale, Case","Brooklyn Brewery East India Pale Ale, Case",cat_popbev,catering,"12oz bottles, 24 per case","		$39.49/cs($2.19/pt)",39.49,cs(,2.19/pt),,
9294,"Brooklyn Brewery Lager, Case","Brooklyn Brewery Lager, Case",cat_popbev,catering,"12oz bottles, 24 per case","		$39.49/cs($2.19/pt)",39.49,cs(,2.19/pt),,
9295,"Brooklyn Brewery Pilsner, Case","Brooklyn Brewery Pilsner, Case",cat_popbev,catering,"12oz bottles, 24 per case","		$39.49/cs($2.19/pt)",39.49,cs(,2.19/pt),,
9296,"Bud Light Bottles, Case","Bud Light Bottles, Case",cat_popbev,catering,"12oz bottles, 24 per case","		$31.99/cs($1.78/pt)",31.99,cs(,1.78/pt),,
9297,"Bud Light Lime, Case","Bud Light Lime, Case",cat_popbev,catering,"12oz bottle, 24 per case","		$35.49/cs($1.97/pt)",35.49,cs(,1.97/pt),,
9298,"Budweiser Beer, Case","Budweiser Beer, Case",cat_popbev,catering,"12oz bottles, 24 per case","		$31.99/cs($1.78/pt)",31.99,cs(,1.78/pt),,
9299,Captain Lawrence Brewing Company Freshchester Pale Ale,Captain Lawrence Brewing Company Freshchester Pale Ale,cat_popbev,catering,"6pk, 12oz ea","		$10.99/ea($2.44/pt)",10.99,ea(,2.44/pt),,
9300,Captain Lawrence Brewing Company Liquid Gold Belgian-Style Ale,Captain Lawrence Brewing Company Liquid Gold Belgian-Style Ale,cat_popbev,catering,"6pk, 12oz ea","		$10.99/ea($2.44/pt)",10.99,ea(,2.44/pt),,
9301,"Chimay Grand Reserve Trappist Ale, Case","Chimay Grand Reserve Trappist Ale, Case",cat_popbev,catering,"25oz bottle, 12 per case","		$182.99/cs($9.76/pt)",182.99,cs(,9.76/pt),,
9302,"Chimay Red Cap Trappist Ale, Case","Chimay Red Cap Trappist Ale, Case",cat_popbev,catering,"25oz bottle, 12 per case","		$161.49/cs($8.61/pt)",161.49,cs(,8.61/pt),,
9303,"Coors Light Bottles, Case","Coors Light Bottles, Case",cat_popbev,catering,"12oz bottles, 24 per case","		$31.99/cs($1.78/pt)",31.99,cs(,1.78/pt),,
9304,"Corona Extra Coronitas, Case","Corona Extra Coronitas, Case",cat_popbev,catering,"7oz bottles, 24 per case"," 	$23.99/ea $29.99Save 20%($2.28/pt)",23.99,ea ,29.99Save 20%(2.28/pt),2.28/pt),
9305,"Delirium Tremens Belgian Strong Pale Ale, Case","Delirium Tremens Belgian Strong Pale Ale, Case",cat_popbev,catering,"25.4oz, 12 per case","		$150.99/cs($7.93/pt)",150.99,cs(,7.93/pt),,
9306,"Doc's Draft Hard Apple Cider, Case","Doc's Draft Hard Apple Cider, Case",cat_popbev,catering,"650ml, 12 per case","		$64.49/cs($3.91/pt)",64.49,cs(,3.91/pt),,
9307,"Dos Equis , Case","Dos Equis , Case",cat_popbev,catering,"12oz bottle, 24 per case","		$39.49/cs($2.19/pt)",39.49,cs(,2.19/pt),,
9308,"Duvel Belgian Strong Pale Ale, Case","Duvel Belgian Strong Pale Ale, Case",cat_popbev,catering,"25oz, 12 per case","		$150.99/cs($8.05/pt)",150.99,cs(,8.05/pt),,
9309,Goose Island 312 Urban Wheat Ale,Goose Island 312 Urban Wheat Ale,cat_popbev,catering,"6pk, 12oz ea","		$11.99/ea($2.85/pt)",11.99,ea(,2.85/pt),,
9310,Goose Island India Pale Ale,Goose Island India Pale Ale,cat_popbev,catering,"6pk, 12oz ea","		$11.99/ea($2.85/pt)",11.99,ea(,2.85/pt),,
9311,"Grolsch , Case","Grolsch , Case",cat_popbev,catering,"12oz bottle, 24 per case","		$39.49/cs($2.19/pt)",39.49,cs(,2.19/pt),,
9312,"Guinness Draught Irish Dry Stout, Case","Guinness Draught Irish Dry Stout, Case",cat_popbev,catering,"12oz bottle, 24 per case","		$39.49/cs($2.19/pt)",39.49,cs(,2.19/pt),,
9313,"Guinness Extra Stout Bottles, Case","Guinness Extra Stout Bottles, Case",cat_popbev,catering,"12oz bottle, 24 per case","		$39.49/cs($2.19/pt)",39.49,cs(,2.19/pt),,
9314,"Guinness Pub Draught Irish Dry Stout, Case","Guinness Pub Draught Irish Dry Stout, Case",cat_popbev,catering,"14.9oz can, 24 per case","		$53.49/cs($2.39/pt)",53.49,cs(,2.39/pt),,
9315,"Harpoon India Pale Ale, Case","Harpoon India Pale Ale, Case",cat_popbev,catering,"12oz bottle, 24 per case","		$39.49/cs($2.19/pt)",39.49,cs(,2.19/pt),,
9316,"Heineken Light Bottles, Case","Heineken Light Bottles, Case",cat_popbev,catering,"12oz bottles, 24 per case","		$39.49/cs($2.19/pt)",39.49,cs(,2.19/pt),,
9317,"Hitachino Nest Beer White Ale, Case","Hitachino Nest Beer White Ale, Case",cat_popbev,catering,"24oz, 12 per case","		$150.99/cs($8.39/pt)",150.99,cs(,8.39/pt),,
9318,"Hoegaarden Belgian White Ale, Case","Hoegaarden Belgian White Ale, Case",cat_popbev,catering,"12oz bottle, 24 per case","		$42.99/cs($2.39/pt)",42.99,cs(,2.39/pt),,
9319,"Hofbräu Hefeweizen, Case","Hofbräu Hefeweizen, Case",cat_popbev,catering,"12oz bottle, 24 per case","		$39.49/cs($2.19/pt)",39.49,cs(,2.19/pt),,
9320,"Hofbräu Original Premium Lager, Case","Hofbräu Original Premium Lager, Case",cat_popbev,catering,"12oz bottle, 24 per case","		$39.49/cs($2.19/pt)",39.49,cs(,2.19/pt),,
9321,"Kronenbourg 1664, Case","Kronenbourg 1664, Case",cat_popbev,catering,"12oz bottle, 24 per case","		$42.99/cs($2.39/pt)",42.99,cs(,2.39/pt),,
9322,"La Fin Du Monde Belgian Style Tripel Ale, Case","La Fin Du Monde Belgian Style Tripel Ale, Case",cat_popbev,catering,"750ml bottle, 12 per case","		$112.99/cs",112.99,cs,,,
9323,"Leffe Blond Belgian Pale Ale, Case","Leffe Blond Belgian Pale Ale, Case",cat_popbev,catering,"12oz bottle, 24 per case","		$42.99/cs($2.39/pt)",42.99,cs(,2.39/pt),,
9324,"Lindemans Framboise, Case","Lindemans Framboise, Case",cat_popbev,catering,"25oz bottle, 12 per case","		$139.99/cs($7.47/pt)",139.99,cs(,7.47/pt),,
9325,"Magic Hat Circus Boy Hefeweizen, Case","Magic Hat Circus Boy Hefeweizen, Case",cat_popbev,catering,"12oz bottle, 24 per case","		$39.49/cs($2.19/pt)",39.49,cs(,2.19/pt),,
9326,Magic Hat Number 9,Magic Hat Number 9,cat_popbev,catering,"12pk, 12oz cans","		$20.99/ea($2.33/pt)",20.99,ea(,2.33/pt),,
9327,"Magic Hat Number 9 Ale, Case","Magic Hat Number 9 Ale, Case",cat_popbev,catering,"12oz bottle, 24 per case","		$39.49/cs($2.19/pt)",39.49,cs(,2.19/pt),,
9328,"Magners Original Hard Cider, Case","Magners Original Hard Cider, Case",cat_popbev,catering,"12oz bottle, 24 per case","		$48.49/cs($2.69/pt)",48.49,cs(,2.69/pt),,
9329,"Michelob Ultra, Low-Carb Beer Bottles, Case","Michelob Ultra, Low-Carb Beer Bottles, Case",cat_popbev,catering,"12oz bottle, 24 per case","		$35.49/cs($1.97/pt)",35.49,cs(,1.97/pt),,
9330,"Miller Lite Beer, Case","Miller Lite Beer, Case",cat_popbev,catering,"12oz bottle, 24 per case","		$31.99/cs($1.78/pt)",31.99,cs(,1.78/pt),,
9331,Modelo Especial,Modelo Especial,cat_popbev,catering,"12pk, 12oz ea","		$20.99/ea($2.75/pt)",20.99,ea(,2.75/pt),,
9332,"Negra Modelo , Case","Negra Modelo , Case",cat_popbev,catering,"12oz bottle, 24 per case","		$39.49/cs($2.19/pt)",39.49,cs(,2.19/pt),,
9333,"Newcastle English Brown Ale, Case","Newcastle English Brown Ale, Case",cat_popbev,catering,"12oz bottle, 24 per case","		$39.49/cs($2.19/pt)",39.49,cs(,2.19/pt),,
9334,"O'Doul's Non-Alcoholic Beer, Case","O'Doul's Non-Alcoholic Beer, Case",cat_popbev,catering,"12oz bottle, 24 per case","		$31.99/cs($1.78/pt)",31.99,cs(,1.78/pt),,
9335,"Ommegang Abbey Ale Dubbel, Case","Ommegang Abbey Ale Dubbel, Case",cat_popbev,catering,"750ml bottle, 12 per case","		$107.49/cs($5.65/pt)",107.49,cs(,5.65/pt),,
9336,"Ommegang Hennepin Farmhouse Ale, Case","Ommegang Hennepin Farmhouse Ale, Case",cat_popbev,catering,"750ml bottle, 12 per case","		$118.49/cs($6.23/pt)",118.49,cs(,6.23/pt),,
9337,Oskar Blues Dales Pale Ale,Oskar Blues Dales Pale Ale,cat_popbev,catering,12oz bottles 12pk,"		$23.99/ea($2.67/pt)",23.99,ea(,2.67/pt),,
9338,"Peroni Lager, Case","Peroni Lager, Case",cat_popbev,catering,"12oz bottle, 24 per case","		$39.49/cs($2.19/pt)",39.49,cs(,2.19/pt),,
9339,"Pilsner Urquell , Case","Pilsner Urquell , Case",cat_popbev,catering,"12oz bottle, 24 per case","		$39.49/cs($2.19/pt)",39.49,cs(,2.19/pt),,
9340,"Red Stripe , Case","Red Stripe , Case",cat_popbev,catering,"12oz bottle, 24 per case","		$39.49/cs($2.19/pt)",39.49,cs(,2.19/pt),,
9341,Rogue Dead Guy Ale,Rogue Dead Guy Ale,cat_popbev,catering,"6pk, 12oz ea","		$16.99/ea($4.05/pt)",16.99,ea(,4.05/pt),,
9342,"Rolling Rock , Case","Rolling Rock , Case",cat_popbev,catering,"12oz bottles, 18 per case","		$20.99/cs($14.99/pt)",20.99,cs(,14.99/pt),,
9343,"Samuel Adams Boston Ale, Case","Samuel Adams Boston Ale, Case",cat_popbev,catering,"12oz bottle, 24 per case","		$39.49/cs($2.19/pt)",39.49,cs(,2.19/pt),,
9344,"Samuel Adams Boston Lager, Case","Samuel Adams Boston Lager, Case",cat_popbev,catering,"12oz bottles, 24 per case","		$39.49/cs($2.19/pt)",39.49,cs(,2.19/pt),,
9345,"Samuel Adams Light Beer, Case","Samuel Adams Light Beer, Case",cat_popbev,catering,"12oz bottle, 24 per case","		$39.49/cs($2.19/pt)",39.49,cs(,2.19/pt),,
9346,"Sapporo , Case","Sapporo , Case",cat_popbev,catering,"12oz bottles, 24 per case","		$39.49/cs($2.19/pt)",39.49,cs(,2.19/pt),,
9347,"Schneider Weisse Hefeweizen, Case","Schneider Weisse Hefeweizen, Case",cat_popbev,catering,"17oz bottle, 20 per case","		$89.49/cs($4.21/pt)",89.49,cs(,4.21/pt),,
9348,"Sierra Nevada American Pale Ale, Case","Sierra Nevada American Pale Ale, Case",cat_popbev,catering,"12oz bottles, 24 per case","		$39.49/cs($2.19/pt)",39.49,cs(,2.19/pt),,
9349,Sierra Nevada Pale Ale,Sierra Nevada Pale Ale,cat_popbev,catering,"12pk, 12oz cans","		$20.99/ea($2.33/pt)",20.99,ea(,2.33/pt),,
9350,"Singha Beer, Case","Singha Beer, Case",cat_popbev,catering,"11.2oz bottle, 24 per case","		$39.49/cs($2.35/pt)",39.49,cs(,2.35/pt),,
9351,"Smithwick's Irish Red Ale, Case","Smithwick's Irish Red Ale, Case",cat_popbev,catering,"12oz bottle, 24 per case","		$39.49/cs($2.19/pt)",39.49,cs(,2.19/pt),,
9352,"Smuttynose India Pale Ale, Case","Smuttynose India Pale Ale, Case",cat_popbev,catering,"12oz bottle, 24 per case","		$39.49/cs($2.19/pt)",39.49,cs(,2.19/pt),,
9353,"Stone India Pale Ale, Case","Stone India Pale Ale, Case",cat_popbev,catering,"12oz bottle, 24 per case","		$46.49/cs($2.58/pt)",46.49,cs(,2.58/pt),,
9354,"Victory Brewing Co. HopDevil India Pale Ale, Case","Victory Brewing Co. HopDevil India Pale Ale, Case",cat_popbev,catering,"12oz bottle, 24 per case","		$42.99/cs($2.39/pt)",42.99,cs(,2.39/pt),,
9358,"Yuengling Lager, Case","Yuengling Lager, Case",cat_popbev,catering,"12oz bottles, 24 per case","		$31.99/cs($1.78/pt)",31.99,cs(,1.78/pt),,
9359,Brooklyn Brewery Lager,Brooklyn Brewery Lager,cat_popbev,catering,12oz cans 12pk,"		$0.00/null($0.00/pt)",0,null(,0.00/pt),,
9360,"Brooklyn Brewery Local 1 Ale, Case","Brooklyn Brewery Local 1 Ale, Case",cat_popbev,catering,"750ml, 12 per case","		$0.00/null($0.00/pt)",0,null(,0.00/pt),,
9361,"Harp Lager, Case","Harp Lager, Case",cat_popbev,catering,"12oz bottle, 24 per case","		$0.00/null($0.00/pt)",0,null(,0.00/pt),,
9362,"Peak Organic Nut Brown Ale, Case","Peak Organic Nut Brown Ale, Case",cat_popbev,catering,"12oz bottle, 24 per case","		$0.00/null($0.00/pt)",0,null(,0.00/pt),,
9363,"Saranac Pale Ale, Case","Saranac Pale Ale, Case",cat_popbev,catering,"12oz bottle, 24 per case","		$0.00/null($0.00/pt)",0,null(,0.00/pt),,
9364,Coca-Cola Diet Coke,Coca-Cola Diet Coke,cat_popbev,catering,12oz cans 12pk," 	$5.09/ea $5.99Any 2 Varieties for $9.00($0.57/pt)Mix'n'Match",5.09,ea ,5.99Any 2 Varieties for 9.00(0.57/pt)Mix'n'Match,9.00(,0.57/pt)Mix'n'Match
9365,Coca-Cola Diet Coke,Coca-Cola Diet Coke,cat_popbev,catering,"32pk, 12oz ea","		$14.99/ea($0.62/pt)",14.99,ea(,0.62/pt),,
9366,Coca-Cola Classic Coke,Coca-Cola Classic Coke,cat_popbev,catering,12oz cans 12pk," 	$5.09/ea $5.99Any 2 Varieties for $9.00($0.57/pt)Mix'n'Match",5.09,ea ,5.99Any 2 Varieties for 9.00(0.57/pt)Mix'n'Match,9.00(,0.57/pt)Mix'n'Match
9367,Coca-Cola Classic,Coca-Cola Classic,cat_popbev,catering,"32pk, 12oz ea","		$14.99/ea($0.62/pt)",14.99,ea(,0.62/pt),,
9368,"Canada Dry Ginger Ale, Case","Canada Dry Ginger Ale, Case",cat_popbev,catering,"12oz can, 24 per case","		$9.49/cs($0.53/pt)",9.49,cs(,0.53/pt),,
9369,Coca-Cola Zero,Coca-Cola Zero,cat_popbev,catering,"32pk, 12oz ea","		$14.99/ea($0.62/pt)",14.99,ea(,0.62/pt),,
9370,"A&W; Diet Root Beer, Case","A&W; Diet Root Beer, Case",cat_popbev,catering,"12oz can, 24 per case","		$9.49/cs($0.53/pt)",9.49,cs(,0.53/pt),,
9371,"Canada Dry Diet Ginger Ale, Case","Canada Dry Diet Ginger Ale, Case",cat_popbev,catering,"2 liter, 6 per case","		$8.99/cs($0.35/pt)",8.99,cs(,0.35/pt),,
9372,"Coca-Cola Bottles (Made in Mexico), Case","Coca-Cola Bottles (Made in Mexico), Case",cat_popbev,catering,"12oz bottles, 24 per case","		$29.99/cs($1.67/pt)",29.99,cs(,1.67/pt),,
9373,"Dr. Brown's Diet Black Cherry Soda, Case","Dr. Brown's Diet Black Cherry Soda, Case",cat_popbev,catering,"12oz can, 24 per case","		$9.49/cs($0.53/pt)",9.49,cs(,0.53/pt),,
9374,"Dr. Brown's Diet Cream Soda, Case","Dr. Brown's Diet Cream Soda, Case",cat_popbev,catering,"12oz can, 24 per case","		$9.49/cs($0.53/pt)",9.49,cs(,0.53/pt),,
9375,"Pepsi Diet Pepsi Caffeine-Free Cola, Case","Pepsi Diet Pepsi Caffeine-Free Cola, Case",cat_popbev,catering,"2 liter bottles, 6 per case"," 	$8.39/cs $10.49Save 20%($0.33/pt)",8.39,cs ,10.49Save 20%(0.33/pt),0.33/pt),
9376,"Pepsi Diet Pepsi Cola, Case","Pepsi Diet Pepsi Cola, Case",cat_popbev,catering,"2 liter bottles, 6 per case"," 	$7.99/cs $10.49Save 24%($0.32/pt)",7.99,cs ,10.49Save 24%(0.32/pt),0.32/pt),
9377,"San Pellegrino Sparkling Fruit Beverage, Aranciata (Orange), Case","San Pellegrino Sparkling Fruit Beverage, Aranciata (Orange), Case",cat_popbev,catering,"6pk x 4 (24ct), 11.15oz ea","		$19.99/cs($1.19/pt)",19.99,cs(,1.19/pt),,
9378,"San Pellegrino Sparkling Fruit Beverage, Limonata (Lemon), Case","San Pellegrino Sparkling Fruit Beverage, Limonata (Lemon), Case",cat_popbev,catering,"6pk x 4 (24ct), 11.15oz ea","		$19.99/cs($1.19/pt)",19.99,cs(,1.19/pt),,
9379,"Sunkist Diet, Case","Sunkist Diet, Case",cat_popbev,catering,"12oz can, 24 per case","		$9.49/cs($0.53/pt)",9.49,cs(,0.53/pt),,
9380,"7UP Diet, Case","7UP Diet, Case",cat_popbev,catering,"2 liter, 6 per case","		$10.49/cs($0.41/pt)",10.49,cs(,0.41/pt),,
9381,"A&W; Diet Root Beer, Case","A&W; Diet Root Beer, Case",cat_popbev,catering,"2 liter, 6 per case","		$10.49/cs($0.41/pt)",10.49,cs(,0.41/pt),,
9382,"A&W; Root Beer, Case","A&W; Root Beer, Case",cat_popbev,catering,"12oz can, 24 per case","		$9.49/cs($0.53/pt)",9.49,cs(,0.53/pt),,
9383,"A&W; Root Beer, Case","A&W; Root Beer, Case",cat_popbev,catering,"2 liter, 6 per case","		$10.49/cs($0.41/pt)",10.49,cs(,0.41/pt),,
9387,"Bruce Cost Fresh Ginger Ginger Ale, Original, Case","Bruce Cost Fresh Ginger Ginger Ale, Original, Case",cat_popbev,catering,"12oz bottle, 24 per case","		$34.99/cs($1.94/pt)",34.99,cs(,1.94/pt),,
9388,"Bruce Cost Fresh Ginger Ginger Ale, Pomegranate with Hibiscus, Case","Bruce Cost Fresh Ginger Ginger Ale, Pomegranate with Hibiscus, Case",cat_popbev,catering,"12oz bottle, 24 per case","		$34.99/cs($1.94/pt)",34.99,cs(,1.94/pt),,
9389,"Canada Dry Ginger Ale, Case","Canada Dry Ginger Ale, Case",cat_popbev,catering,"2 liter bottles, 6 per case","		$8.99/cs($0.35/pt)",8.99,cs(,0.35/pt),,
9390,"Dr. Brown's Black Cherry Soda, Case","Dr. Brown's Black Cherry Soda, Case",cat_popbev,catering,"12oz can, 24 per case","		$9.49/cs($0.53/pt)",9.49,cs(,0.53/pt),,
9391,"Dr. Brown's Cream Soda, Case","Dr. Brown's Cream Soda, Case",cat_popbev,catering,"12oz can, 24 per case","		$9.49/cs($0.53/pt)",9.49,cs(,0.53/pt),,
9392,"Gosling's All Natural Diet Ginger Beer, Case","Gosling's All Natural Diet Ginger Beer, Case",cat_popbev,catering,"12oz cans, 24pk","		$21.49/cs($1.19/pt)",21.49,cs(,1.19/pt),,
9393,"Gosling's All Natural Ginger Beer, Case","Gosling's All Natural Ginger Beer, Case",cat_popbev,catering,"12oz cans, 24pk","		$21.49/cs($1.19/pt)",21.49,cs(,1.19/pt),,
9394,"GuS Grown-up Soda Dry Cranberry Lime Soda, Case","GuS Grown-up Soda Dry Cranberry Lime Soda, Case",cat_popbev,catering,"12oz bottle, 24 per case","		$34.99/cs($1.94/pt)",34.99,cs(,1.94/pt),,
9395,"GuS Grown-up Soda Extra Dry Ginger Ale Soda, Case","GuS Grown-up Soda Extra Dry Ginger Ale Soda, Case",cat_popbev,catering,"12oz bottle, 24 per case","		$34.99/cs($1.94/pt)",34.99,cs(,1.94/pt),,
9396,"GuS Grown-up Soda Grapefruit Soda, Case","GuS Grown-up Soda Grapefruit Soda, Case",cat_popbev,catering,"12oz bottle, 24 per case","		$34.99/cs($1.94/pt)",34.99,cs(,1.94/pt),,
9397,"Orangina , Case","Orangina , Case",cat_popbev,catering,"1.75 liter, 8 per case","		$23.49/cs($0.79/pt)",23.49,cs(,0.79/pt),,
9398,Pepsi Cola 2-Liter Bottles Case,Pepsi Cola 2-Liter Bottles Case,cat_popbev,catering,"2 liter bottles, 6 per case"," 	$8.39/cs $10.49Save 20%($0.33/pt)",8.39,cs ,10.49Save 20%(0.33/pt),0.33/pt),
9399,"Pepsi Diet Wild Cherry, Case","Pepsi Diet Wild Cherry, Case",cat_popbev,catering,"2 liter, 6 per case"," 	$8.39/cs $10.49Save 20%($0.33/pt)",8.39,cs ,10.49Save 20%(0.33/pt),0.33/pt),
9401,"Reed's Extra Ginger Brew, Case","Reed's Extra Ginger Brew, Case",cat_popbev,catering,"12oz bottle, 24 per case"," 	$22.49/cs $23.99Save 6%($1.25/pt)",22.49,cs ,23.99Save 6%(1.25/pt),1.25/pt),
9402,"Reed's Original Ginger Brew, Case","Reed's Original Ginger Brew, Case",cat_popbev,catering,"12oz bottle, 24 per case"," 	$22.49/cs $23.99Save 6%($1.25/pt)",22.49,cs ,23.99Save 6%(1.25/pt),1.25/pt),
9403,"Schweppes Ginger Ale, Case","Schweppes Ginger Ale, Case",cat_popbev,catering,"1 liter, 12 per case","		$17.99/cs($0.71/pt)",17.99,cs(,0.71/pt),,
9404,"Seagram's Ginger Ale, Case","Seagram's Ginger Ale, Case",cat_popbev,catering,"12oz can, 24 per case","		$12.49/cs($0.69/pt)",12.49,cs(,0.69/pt),,
9405,"Sunkist Diet, Case","Sunkist Diet, Case",cat_popbev,catering,"2 liter, 6 per case","		$10.49/cs($0.41/pt)",10.49,cs(,0.41/pt),,
9406,"Sunkist Orange Soda, Case","Sunkist Orange Soda, Case",cat_popbev,catering,"12oz can, 24 per case","		$9.49/cs($0.53/pt)",9.49,cs(,0.53/pt),,
9408,"Poland Spring 100% Natural Spring Water, Half-Liter Case","Poland Spring 100% Natural Spring Water, Half-Liter Case",cat_popbev,catering,"0.5 liter bottles, case of 24"," 	$4.99/cs $5.99Save 16%($0.03/pt)",4.99,cs ,5.99Save 16%(0.03/pt),0.03/pt),
9409,"Just FreshDirect Spring Water, Case","Just FreshDirect Spring Water, Case",cat_popbev,catering,"24pk, 16.9oz","		$3.99/ea($0.16/pt)",3.99,ea(,0.16/pt),,
9410,"FreshDirect Italian Carbonated Mineral Water, Case","FreshDirect Italian Carbonated Mineral Water, Case",cat_popbev,catering,1 liter glass bottles 12pk,"		$15.99/cs($0.63/pt)",15.99,cs(,0.63/pt),,
9411,"Poland Spring 100% Natural Spring Water, Case","Poland Spring 100% Natural Spring Water, Case",cat_popbev,catering,"1 gal bottles, 6 per case","		$7.99/case($0.17/pt)",7.99,case(,0.17/pt),,
9412,"Poland Spring 100% Natural Spring Water, Case","Poland Spring 100% Natural Spring Water, Case",cat_popbev,catering,"3 liter bottles, 6 per case","		$8.99/cs($0.24/pt)",8.99,cs(,0.24/pt),,
9413,"Poland Spring 100% Natural Spring Water, Sport Cap, Case","Poland Spring 100% Natural Spring Water, Sport Cap, Case",cat_popbev,catering,"23.7oz, 24 per case","		$12.99/cs($0.37/pt)",12.99,cs(,0.37/pt),,
9414,"San Pellegrino Sparkling Natural Mineral Water, Case","San Pellegrino Sparkling Natural Mineral Water, Case",cat_popbev,catering,"25.3oz (750ml) ea, 15 per case","		$25.49/cs($1.07/pt)",25.49,cs(,1.07/pt),,
9416,"smartwater Electrolyte-Enhanced Water, Case","smartwater Electrolyte-Enhanced Water, Case",cat_popbev,catering,"1 liter bottles, 12 per case"," 	$11.99/cs $17.99Save 32%($0.47/pt)",11.99,cs ,17.99Save 32%(0.47/pt),0.47/pt),
9417,"Vintage Original Seltzer Water, Case","Vintage Original Seltzer Water, Case",cat_popbev,catering,"1 liter bottles, 12 per case","		$7.49/cs($0.31/pt)",7.49,cs(,0.31/pt),,
9418,"Evian Spring Water, Case","Evian Spring Water, Case",cat_popbev,catering,"1 liter bottles, 12 per case"," 	$17.69/cs $18.99Save 6%($0.70/pt)",17.69,cs ,18.99Save 6%(0.70/pt),0.70/pt),
9419,"FIJI Natural Artesian Water, Case","FIJI Natural Artesian Water, Case",cat_popbev,catering,"0.5 liter bottles, 24 per case"," 	$20.99/cs $22.99Save 8%($0.83/pt)",20.99,cs ,22.99Save 8%(0.83/pt),0.83/pt),
9421,San Pellegrino Sparkling Natural Mineral Water,San Pellegrino Sparkling Natural Mineral Water,cat_popbev,catering,16.9oz bottles 12 pack," 	$11.29/cs $12.59Save 10%($86.85/pt)",11.29,cs ,12.59Save 10%(86.85/pt),86.85/pt),
9422,"Vintage Lemon-Lime Seltzer Water, Case","Vintage Lemon-Lime Seltzer Water, Case",cat_popbev,catering,"1 liter bottles, 12 per case","		$7.49/cs($0.30/pt)",7.49,cs(,0.30/pt),,
9424,"Dasani Purified Water, Case","Dasani Purified Water, Case",cat_popbev,catering,".5L bottles, 24 per case","		$6.99/cs($0.28/pt)",6.99,cs(,0.28/pt),,
9425,"FIJI Natural Artesian Water, Case","FIJI Natural Artesian Water, Case",cat_popbev,catering,"1 liter bottles, case of 12","		$18.99/cs($75.96/pt)",18.99,cs(,75.96/pt),,
9427,Poland Spring 100% Natural Spring Water,Poland Spring 100% Natural Spring Water,cat_popbev,catering,"12oz bottles, 12 per case","		$3.99/ea($0.44/pt)",3.99,ea(,0.44/pt),,
9428,"Poland Spring 100% Natural Spring Water, Case","Poland Spring 100% Natural Spring Water, Case",cat_popbev,catering,"1.5 liter bottles, 12 per case"," 	$9.09/cs $16.99Save 46%",9.09,cs ,16.99Save 46%,,
9429,"Poland Spring 100% Natural Spring Water, Case","Poland Spring 100% Natural Spring Water, Case",cat_popbev,catering,"8oz bottle, 48 per case","		$12.49/cs($0.52/pt)",12.49,cs(,0.52/pt),,
9430,"San Pellegrino Sparkling Natural Mineral Water, Case","San Pellegrino Sparkling Natural Mineral Water, Case",cat_popbev,catering,"0.5 liter bottles, 24 per case"," 	$22.49/cs $24.99Save 10%($89.96/pt)",22.49,cs ,24.99Save 10%(89.96/pt),89.96/pt),
9431,"smartwater Electrolyte-Enhanced Water with Sport Caps, Case","smartwater Electrolyte-Enhanced Water with Sport Caps, Case",cat_popbev,catering,"24 per case, 23.7floz ea","		$26.99/cs($0.76/pt)",26.99,cs(,0.76/pt),,
9433,"Apple & Eve 100% Juice Box Variety Pack, No Sugar Added","Apple & Eve 100% Juice Box Variety Pack, No Sugar Added",cat_popbev,catering,"6.75oz boxes, 36 per case","		$11.99/cs($0.80/pt)",11.99,cs(,0.80/pt),,
9434,"Canada Dry Original Seltzer, Case","Canada Dry Original Seltzer, Case",cat_popbev,catering,"12oz can, 24 per case","		$9.49/cs($0.53/pt)",9.49,cs(,0.53/pt),,
9435,"Hint Unsweetened Essence Flavored Water Variety Pack, Case","Hint Unsweetened Essence Flavored Water Variety Pack, Case",cat_popbev,catering,16oz bottles 12pk,"		$15.99/cs($1.33/pt)",15.99,cs(,1.33/pt),,
9436,"Perrier Sparkling Mineral Water, Case","Perrier Sparkling Mineral Water, Case",cat_popbev,catering,"0.5 liter bottles, 24 per case","		$23.99/cs($95.96/pt)",23.99,cs(,95.96/pt),,
9437,"Perrier Sparkling Natural Mineral Water, Case","Perrier Sparkling Natural Mineral Water, Case",cat_popbev,catering,"12 per case, 25.3oz (750ml) ea","		$19.99/cs($1.05/pt)",19.99,cs(,1.05/pt),,
9438,"Poland Spring Distilled Water, Case","Poland Spring Distilled Water, Case",cat_popbev,catering,"1 gallon, 6 per case","		$7.49/cs($0.16/pt)",7.49,cs(,0.16/pt),,
9439,"Poland Spring Natural Spring Water w/ Fluoride, Case","Poland Spring Natural Spring Water w/ Fluoride, Case",cat_popbev,catering,"8oz bottle, 32 per case","		$12.49/cs($0.78/pt)",12.49,cs(,0.78/pt),,
9440,"Poland Spring Raspberry-Lime Flavored Sparkling Water, Case","Poland Spring Raspberry-Lime Flavored Sparkling Water, Case",cat_popbev,catering,"16oz bottle, 24 per case"," 	$8.19/cs $11.49Save 28%($0.34/pt)",8.19,cs ,11.49Save 28%(0.34/pt),0.34/pt),
9441,"Poland Spring Sparkling Water, Case","Poland Spring Sparkling Water, Case",cat_popbev,catering,"1 liter, 12 per case","		$12.49/cs($0.49/pt)",12.49,cs(,0.49/pt),,
9442,"Poland Spring Sparkling Water, Case","Poland Spring Sparkling Water, Case",cat_popbev,catering,"16oz bottle, 24 per case"," 	$8.19/cs $11.49Save 28%($0.34/pt)",8.19,cs ,11.49Save 28%(0.34/pt),0.34/pt),
9443,"Vintage Mandarin Seltzer Water, Case","Vintage Mandarin Seltzer Water, Case",cat_popbev,catering,"1 liter bottles, 12 per case","		$7.49/cs($0.30/pt)",7.49,cs(,0.30/pt),,
9444,"Vintage Raspberry Seltzer, Case","Vintage Raspberry Seltzer, Case",cat_popbev,catering,"1 liter bottles, 12 per case","		$7.49/cs($0.30/pt)",7.49,cs(,0.30/pt),,
9445,"Vintage Wild Cherry Seltzer, Case","Vintage Wild Cherry Seltzer, Case",cat_popbev,catering,"1 liter bottles, 12 per case","		$7.49/cs($29.96/pt)",7.49,cs(,29.96/pt),,
9446,"Volvic Natural Spring Water, Case","Volvic Natural Spring Water, Case",cat_popbev,catering,"1 liter bottles, 12 per case","		$19.99/cs($79.96/pt)",19.99,cs(,79.96/pt),,
9447,"Zico Natural Coconut Water, Case","Zico Natural Coconut Water, Case",cat_popbev,catering,"11oz, 12 per case","		$19.99/cs($2.42/pt)",19.99,cs(,2.42/pt),,
9448,"Acqua Panna Natural Mineral Water, Case","Acqua Panna Natural Mineral Water, Case",cat_popbev,catering,"16.9oz ea, 24 per case","		$24.99/cs($99.96/pt)",24.99,cs(,99.96/pt),,
9450,"Apple & Eve Big Bird's Apple Juice Boxes, Case","Apple & Eve Big Bird's Apple Juice Boxes, Case",cat_popbev,catering,"4.23oz box, 40 per case","		$12.99/cs($49.96/pt)",12.99,cs(,49.96/pt),,
9451,"Canada Dry Club Soda, Case","Canada Dry Club Soda, Case",cat_popbev,catering,"1 liter, 12 per case","		$18.99/cs($0.75/pt)",18.99,cs(,0.75/pt),,
9452,"Canada Dry Seltzer, Case","Canada Dry Seltzer, Case",cat_popbev,catering,"2 liter, 6 per case","		$8.99/cs($0.35/pt)",8.99,cs(,0.35/pt),,
9453,"Capri Sun Fruit Punch Juice Drink, Case","Capri Sun Fruit Punch Juice Drink, Case",cat_popbev,catering,"6oz pouch, 40 per case","		$10.49/cs($0.70/pt)",10.49,cs(,0.70/pt),,
9454,"Evian Les Petits Natural Spring Water, Case","Evian Les Petits Natural Spring Water, Case",cat_popbev,catering,"330ml bottle bottle, 24 per case","		$21.49/cs($1.28/pt)",21.49,cs(,1.28/pt),,
9455,"Evian Spring Water Easy-to-Carry Pack, Case","Evian Spring Water Easy-to-Carry Pack, Case",cat_popbev,catering,"500ml bottle, 24 per case"," 	$19.09/cs $22.49Save 15%($0.75/pt)",19.09,cs ,22.49Save 15%(0.75/pt),0.75/pt),
9456,"FreshDirect Italian Still Mineral Water, Case","FreshDirect Italian Still Mineral Water, Case",cat_popbev,catering,1 liter glass bottles 12pk,"		$15.99/cs($0.63/pt)",15.99,cs(,0.63/pt),,
9457,"Hint Fizz Unsweet Sparkling Water, Blackberry, Case","Hint Fizz Unsweet Sparkling Water, Blackberry, Case",cat_popbev,catering,"12pk, 16.9oz ea","		$15.99/ea($1.26/pt)",15.99,ea(,1.26/pt),,
9458,"Hint Fizz Unsweet Sparkling Water, Grapefruit, Case","Hint Fizz Unsweet Sparkling Water, Grapefruit, Case",cat_popbev,catering,"12pk, 16.9oz ea","		$15.99/ea($1.26/pt)",15.99,ea(,1.26/pt),,
9459,"Hint Fizz Unsweet Sparkling Water, Peach, Case","Hint Fizz Unsweet Sparkling Water, Peach, Case",cat_popbev,catering,"12pk, 16.9oz ea","		$15.99/ea($1.26/pt)",15.99,ea(,1.26/pt),,
9460,"Hint Fizz Unsweet Sparkling Water, Watermelon, Case","Hint Fizz Unsweet Sparkling Water, Watermelon, Case",cat_popbev,catering,"12pk, 16.9oz ea","		$15.99/ea($1.26/pt)",15.99,ea(,1.26/pt),,
9461,"Hint Unsweetened Essence Water, Blackberry, Case","Hint Unsweetened Essence Water, Blackberry, Case",cat_popbev,catering,16oz bottles 12pk,"		$15.99/ea($1.33/pt)",15.99,ea(,1.33/pt),,
9462,"Hint Unsweetened Essence Water, Watermelon, Case","Hint Unsweetened Essence Water, Watermelon, Case",cat_popbev,catering,16oz bottles 12pk,"		$15.99/ea($1.33/pt)",15.99,ea(,1.33/pt),,
9463,"Honest Kids Organic Berry Berry Good Lemonade Pouches, Case","Honest Kids Organic Berry Berry Good Lemonade Pouches, Case",cat_popbev,catering,"6.75oz pouch, 32 per case","		$13.99/cs($33.31/pt)",13.99,cs(,33.31/pt),,
9464,"Perrier Sparkling Natural Mineral Water, Case","Perrier Sparkling Natural Mineral Water, Case",cat_popbev,catering,"4pk x 6 (24ct), 11.15oz (330ml) ea","		$21.49/cs($1.28/pt)",21.49,cs(,1.28/pt),,
9465,"Perrier Sparkling Natural Mineral Water, Lemon, Case","Perrier Sparkling Natural Mineral Water, Lemon, Case",cat_popbev,catering,"12 per case, 25.3oz (750ml) ea","		$19.99/cs($1.07/pt)",19.99,cs(,1.07/pt),,
9466,"Perrier Sparkling Natural Mineral Water, Lime, Case","Perrier Sparkling Natural Mineral Water, Lime, Case",cat_popbev,catering,"12 per case, 25.3oz (750ml) ea","		$19.99/cs($1.05/pt)",19.99,cs(,1.05/pt),,
9467,"Poland Spring Lemon Flavored Sparkling Water, Case","Poland Spring Lemon Flavored Sparkling Water, Case",cat_popbev,catering,"1 liter, 12 per case","		$12.49/cs($0.49/pt)",12.49,cs(,0.49/pt),,
9468,"Poland Spring Lime Flavored Sparkling Water, Case","Poland Spring Lime Flavored Sparkling Water, Case",cat_popbev,catering,"1 liter, 12 per case","		$12.49/cs($0.49/pt)",12.49,cs(,0.49/pt),,
9469,"Poland Spring Lime Flavored Sparkling Water, Case","Poland Spring Lime Flavored Sparkling Water, Case",cat_popbev,catering,"16oz bottle, 24 per case"," 	$8.19/cs $11.49Save 28%($0.34/pt)",8.19,cs ,11.49Save 28%(0.34/pt),0.34/pt),
9470,"Poland Spring Sparkling Orange Water, Case","Poland Spring Sparkling Orange Water, Case",cat_popbev,catering,"1 liter bottles, 12 per case","		$12.49/cs($0.49/pt)",12.49,cs(,0.49/pt),,
9471,"Sparkling Ice Black Raspberry Sparkling Mountain Spring Water, Case","Sparkling Ice Black Raspberry Sparkling Mountain Spring Water, Case",cat_popbev,catering,"12ct, 17oz ea","		$16.99/cs($1.33/pt)",16.99,cs(,1.33/pt),,
9472,"Sparkling Ice Classic Lemonade Sparkling Mountain Spring Water, Case","Sparkling Ice Classic Lemonade Sparkling Mountain Spring Water, Case",cat_popbev,catering,"12ct, 17oz ea","		$16.99/cs($1.33/pt)",16.99,cs(,1.33/pt),,
9473,"Sparkling Ice Pink Grapefruit Sparkling Mountain Spring Water, Case","Sparkling Ice Pink Grapefruit Sparkling Mountain Spring Water, Case",cat_popbev,catering,"12ct, 17oz ea","		$16.99/cs($1.33/pt)",16.99,cs(,1.33/pt),,
9474,"Tropicana Apple Juice, Case","Tropicana Apple Juice, Case",cat_popbev,catering,"10oz bottle, 24 per case","		$18.99/cs($1.27/pt)",18.99,cs(,1.27/pt),,
9475,"Tropicana Orange Juice, Case","Tropicana Orange Juice, Case",cat_popbev,catering,"10oz bottles, 24 per case","		$18.99/cs($1.27/pt)",18.99,cs(,1.27/pt),,
9476,"Vita Coco Pure Coconut Water, Case","Vita Coco Pure Coconut Water, Case",cat_popbev,catering,"330ml, 12 per case","		$20.99/cs($1049.50/pt)",20.99,cs(,1049.50/pt),,
9477,"Zico Natural Coconut Water, Case","Zico Natural Coconut Water, Case",cat_popbev,catering,"14oz, 12 per case","		$25.49/cs($2.43/pt)",25.49,cs(,2.43/pt),,
9480,"Apple & Eve 100% Apple Juice, Case","Apple & Eve 100% Apple Juice, Case",cat_popbev,catering,"16oz bottles, case of 12","		$14.99/cs($1.25/pt)",14.99,cs(,1.25/pt),,
9481,"Apple & Eve 100% Apple Juice, Case","Apple & Eve 100% Apple Juice, Case",cat_popbev,catering,"128oz plastic bottle, 4 per case","		$20.49/cs($0.64/pt)",20.49,cs(,0.64/pt),,
9482,"Apple & Eve 100% Orange Juice, Case","Apple & Eve 100% Orange Juice, Case",cat_popbev,catering,"16oz bottles, case of 12","		$14.99/cs($1.25/pt)",14.99,cs(,1.25/pt),,
9483,"Apple & Eve Apple Juice, Case","Apple & Eve Apple Juice, Case",cat_popbev,catering,"8.45oz boxes, 27 per case","		$12.49/cs($0.88/pt)",12.49,cs(,0.88/pt),,
9484,"Apple & Eve Bert & Ernie Berry Juice Boxes, Case","Apple & Eve Bert & Ernie Berry Juice Boxes, Case",cat_popbev,catering,"4.23oz box, 40 per case","		$12.99/cs($49.96/pt)",12.99,cs(,49.96/pt),,
9485,"Apple & Eve Big Bird's Apple Juice, Case","Apple & Eve Big Bird's Apple Juice, Case",cat_popbev,catering,"64oz plastic bottle, 8 per case","		$26.49/cs($2.50/pt)",26.49,cs(,2.50/pt),,
9486,"Apple & Eve Clear Apple Juice, Case",apple & eve apple juice,cat_popbev,catering,"64oz plastic bottle, 8 per case","		$22.49/cs($2.13/pt)",22.49,cs(,2.13/pt),,
9487,"Apple & Eve Cranberry Apple 100% Juice, Case","Apple & Eve Cranberry Apple 100% Juice, Case",cat_popbev,catering,"64oz plastic bottle, 8 per case","		$28.49/cs($2.69/pt)",28.49,cs(,2.69/pt),,
9488,"Apple & Eve Cranberry Grape Apple Juice, Case","Apple & Eve Cranberry Grape Apple Juice, Case",cat_popbev,catering,"64oz plastic bottle, 8 per case","		$28.49/cs($2.69/pt)",28.49,cs(,2.69/pt),,
9489,"Apple & Eve Cranberry Raspberry Apple Juice, Case","Apple & Eve Cranberry Raspberry Apple Juice, Case",cat_popbev,catering,"64oz plastic bottle, 8 per case","		$28.49/cs($2.69/pt)",28.49,cs(,2.69/pt),,
9490,"Apple & Eve Elmo's Punch Juice Boxes, Case","Apple & Eve Elmo's Punch Juice Boxes, Case",cat_popbev,catering,"4.23oz box, 40 per case","		$12.99/cs($1.23/pt)",12.99,cs(,1.23/pt),,
9491,"Apple & Eve Fruitables Strawberry Kiwi Fruit & Vegetable Juice Beverage Boxes, Case","Apple & Eve Fruitables Strawberry Kiwi Fruit & Vegetable Juice Beverage Boxes, Case",cat_popbev,catering,"6.75oz box, 40 per case","		$16.49/cs($0.98/pt)",16.49,cs(,0.98/pt),,
9492,"Apple & Eve Naturally Apple Juice, Case","Apple & Eve Naturally Apple Juice, Case",cat_popbev,catering,"64oz plastic bottle, 8 per case","		$22.49/cs($0.70/pt)",22.49,cs(,0.70/pt),,
9493,"Apple & Eve Naturally Cranberry Juice, Case","Apple & Eve Naturally Cranberry Juice, Case",cat_popbev,catering,"64oz plastic bottle, 8 per case","		$28.49/cs($0.89/pt)",28.49,cs(,0.89/pt),,
9494,"Apple & Eve Organic Apple Juice, Case","Apple & Eve Organic Apple Juice, Case",cat_popbev,catering,"48oz plastic bottle, 8 per case","		$24.99/cs($1.04/pt)",24.99,cs(,1.04/pt),,
9495,"Bai 5-Calorie Antioxidant Infusion Drink, Brasilia Blueberry, Case","Bai 5-Calorie Antioxidant Infusion Drink, Brasilia Blueberry, Case",cat_popbev,catering,"12pk, 18oz ea","		$25.49/cs($1.89/pt)",25.49,cs(,1.89/pt),,
9496,"Bai 5-Calorie Antioxidant Infusion Drink, Congo Pear, Case","Bai 5-Calorie Antioxidant Infusion Drink, Congo Pear, Case",cat_popbev,catering,"12pk, 18oz ea","		$25.49/cs($1.89/pt)",25.49,cs(,1.89/pt),,
9497,"Bai 5-Calorie Antioxidant Infusion Drink, Costa Rica Clementine, Case","Bai 5-Calorie Antioxidant Infusion Drink, Costa Rica Clementine, Case",cat_popbev,catering,"12pk, 18oz ea","		$25.49/cs($1.89/pt)",25.49,cs(,1.89/pt),,
9498,"Bai 5-Calorie Antioxidant Infusion Drink, Ipanema Pomegranate, Case","Bai 5-Calorie Antioxidant Infusion Drink, Ipanema Pomegranate, Case",cat_popbev,catering,"12pk, 18oz ea","		$25.49/cs($1.89/pt)",25.49,cs(,1.89/pt),,
9499,"Bai 5-Calorie Antioxidant Infusion Drink, Limu Lemon, Case","Bai 5-Calorie Antioxidant Infusion Drink, Limu Lemon, Case",cat_popbev,catering,"12pk, 18oz ea","		$25.49/cs($1.89/pt)",25.49,cs(,1.89/pt),,
9500,"Bai 5-Calorie Antioxidant Infusion Drink, Malawi Mango, Case","Bai 5-Calorie Antioxidant Infusion Drink, Malawi Mango, Case",cat_popbev,catering,"12pk, 18oz ea","		$25.49/cs($1.89/pt)",25.49,cs(,1.89/pt),,
9501,"Bai 5-Calorie Antioxidant Infusion Drink, Molokai Coconut, Case","Bai 5-Calorie Antioxidant Infusion Drink, Molokai Coconut, Case",cat_popbev,catering,"12pk, 18oz ea","		$25.49/cs($1.89/pt)",25.49,cs(,1.89/pt),,
9502,"Bai 5-Calorie Antioxidant Infusion Drink, Panama Peach, Case","Bai 5-Calorie Antioxidant Infusion Drink, Panama Peach, Case",cat_popbev,catering,"12pk, 18oz ea","		$25.49/cs($1.89/pt)",25.49,cs(,1.89/pt),,
9503,"Bionaturae Organic Apricot Nectar, Case","Bionaturae Organic Apricot Nectar, Case",cat_popbev,catering,"25.4oz bottle, 6 per case","		$19.99/cs($2.10/pt)",19.99,cs(,2.10/pt),,
9504,"Bionaturae Organic Peach Nectar, Case","Bionaturae Organic Peach Nectar, Case",cat_popbev,catering,"25.4oz bottle, 6 per case","		$19.99/cs($2.10/pt)",19.99,cs(,2.10/pt),,
9505,"Canada Dry Diet Tonic Water, Case","Canada Dry Diet Tonic Water, Case",cat_popbev,catering,"1 liter, 12 per case","		$18.99/cs($0.75/pt)",18.99,cs(,0.75/pt),,
9506,"Canada Dry Tonic Water, Case","Canada Dry Tonic Water, Case",cat_popbev,catering,"1 liter, 12 per case","		$18.99/cs($0.75/pt)",18.99,cs(,0.75/pt),,
9507,"Ceres Apricot Juice, Case","Ceres Apricot Juice, Case",cat_popbev,catering,"1 liter carton, 12 per case","		$39.49/cs($1.56/pt)",39.49,cs(,1.56/pt),,
9508,"Ceres Guava Juice, Case","Ceres Guava Juice, Case",cat_popbev,catering,"1 liter carton, 12 per case","		$39.49/cs($1.56/pt)",39.49,cs(,1.56/pt),,
9509,"Ceres Litchi Juice, Case","Ceres Litchi Juice, Case",cat_popbev,catering,"1 liter carton, 12 per case","		$39.49/cs($1.56/pt)",39.49,cs(,1.56/pt),,
9510,"Ceres Mango Juice, Case","Ceres Mango Juice, Case",cat_popbev,catering,"1 liter carton, 12 per case","		$39.49/cs($1.56/pt)",39.49,cs(,1.56/pt),,
9511,"Ceres Medley of Fruit Juice, Case","Ceres Medley of Fruit Juice, Case",cat_popbev,catering,"1 liter carton, 12 per case","		$39.49/cs($1.56/pt)",39.49,cs(,1.56/pt),,
9512,"Ceres Passion Fruit Juice, Case","Ceres Passion Fruit Juice, Case",cat_popbev,catering,"1 liter carton, 12 per case","		$39.49/cs($1.56/pt)",39.49,cs(,1.56/pt),,
9513,"Ceres Pear Juice, Case","Ceres Pear Juice, Case",cat_popbev,catering,"1 liter carton, 12 per case","		$39.49/cs($1.56/pt)",39.49,cs(,1.56/pt),,
9514,"Ceres Pomegranate & Lime Juice, Case","Ceres Pomegranate & Lime Juice, Case",cat_popbev,catering,"1 liter carton, 12 per case","		$39.49/cs($1.56/pt)",39.49,cs(,1.56/pt),,
9515,"Ceres Secrets of the Valley Juice, Case","Ceres Secrets of the Valley Juice, Case",cat_popbev,catering,"1 liter carton, 12 per case","		$39.49/cs($1.56/pt)",39.49,cs(,1.56/pt),,
9516,"Coco Cafe Coconut Water Café Latte, Original Blend, Case","Coco Cafe Coconut Water Café Latte, Original Blend, Case",cat_popbev,catering,"12ct, 330ml ea","		$27.49/cs($3.28/pt)",27.49,cs(,3.28/pt),,
9517,"Coco Libre Coconut Water with Natural Almond Flavor, Case","Coco Libre Coconut Water with Natural Almond Flavor, Case",cat_popbev,catering,"12pk, 11oz","		$28.99/cs($3.51/pt)",28.99,cs(,3.51/pt),,
9518,"Coco Libre Coconut Water with Pineapple, Case","Coco Libre Coconut Water with Pineapple, Case",cat_popbev,catering,"12pk, 11oz","		$20.99/cs($2.54/pt)",20.99,cs(,2.54/pt),,
9519,"Coco Libre Coconut Water with Pineapple, Case","Coco Libre Coconut Water with Pineapple, Case",cat_popbev,catering,"12pk, 1liter"," 	$33.99/cs $51.49Save 34%($1.34/pt)",33.99,cs ,51.49Save 34%(1.34/pt),1.34/pt),
9520,"Coco Libre Protein Coconut Water with Cocoa, Case","Coco Libre Protein Coconut Water with Cocoa, Case",cat_popbev,catering,"12pk, 11oz","		$28.99/cs($3.51/pt)",28.99,cs(,3.51/pt),,
9521,"Coco Libre Pure Organic Coconut Water, Case","Coco Libre Pure Organic Coconut Water, Case",cat_popbev,catering,"12pk, 11oz","		$20.99/cs($2.54/pt)",20.99,cs(,2.54/pt),,
9522,"Coco Libre Pure Organic Coconut Water, Case","Coco Libre Pure Organic Coconut Water, Case",cat_popbev,catering,"12pk, 1liter"," 	$33.99/cs $51.49Save 34%($1.34/pt)",33.99,cs ,51.49Save 34%(1.34/pt),1.34/pt),
9523,"Crystal Light On the Go Packets Lemonade, Case","Crystal Light On the Go Packets Lemonade, Case",cat_popbev,catering,"1.4oz, 10ct, 12 per case","		$42.99/cs($0.36/ct)",42.99,cs(,0.36/ct),,
9524,"Dole Pineapple Juice, Case","Dole Pineapple Juice, Case",cat_popbev,catering,"46oz can, 12 per case","		$31.99/cs($0.93/pt)",31.99,cs(,0.93/pt),,
9525,"Evian Natural Spring Water, Bottle with Sport Cap, Case","Evian Natural Spring Water, Bottle with Sport Cap, Case",cat_popbev,catering,"12pk, 750ml ea","		$21.99/ea($1.16/pt)",21.99,ea(,1.16/pt),,
9527,"Honest Kids Organic Goodness Grape Pouches, Case","Honest Kids Organic Goodness Grape Pouches, Case",cat_popbev,catering,"6.75oz pouch, 32 per case","		$13.99/cs($33.31/pt)",13.99,cs(,33.31/pt),,
9528,"Honest Kids Organic Tropical Tango Punch Pouches, Case","Honest Kids Organic Tropical Tango Punch Pouches, Case",cat_popbev,catering,"6.75oz pouch, 32 per case","		$13.99/cs($33.31/pt)",13.99,cs(,33.31/pt),,
9529,"Hubert's Lemonade Diet Original, Case","Hubert's Lemonade Diet Original, Case",cat_popbev,catering,"16oz, 12 per case"," 	$19.49/cs $23.88Save 18%($1.62/pt)",19.49,cs ,23.88Save 18%(1.62/pt),1.62/pt),
9530,"Hubert's Lemonade Diet Strawberry, Case","Hubert's Lemonade Diet Strawberry, Case",cat_popbev,catering,"16oz, 12 per case"," 	$19.49/cs $23.88Save 18%($1.62/pt)",19.49,cs ,23.88Save 18%(1.62/pt),1.62/pt),
9531,"Hubert's Lemonade Original, Case","Hubert's Lemonade Original, Case",cat_popbev,catering,"16oz, 12 per case"," 	$19.49/cs $23.88Save 18%($1.62/pt)",19.49,cs ,23.88Save 18%(1.62/pt),1.62/pt),
9532,"Hubert's Lemonade Strawberry, Case","Hubert's Lemonade Strawberry, Case",cat_popbev,catering,"16oz, 12 per case"," 	$19.49/cs $23.88Save 18%($1.62/pt)",19.49,cs ,23.88Save 18%(1.62/pt),1.62/pt),
9533,"Hubert's Lemonade Watermelon, Case","Hubert's Lemonade Watermelon, Case",cat_popbev,catering,"16oz, 12 per case"," 	$19.49/cs $23.88Save 18%($1.62/pt)",19.49,cs ,23.88Save 18%(1.62/pt),1.62/pt),
9537,"Kedem Concord Grape Juice (plastic bottle), Case","Kedem Concord Grape Juice (plastic bottle), Case",cat_popbev,catering,"64oz, 8 per case","		$46.49/cs($1.45/pt)",46.49,cs(,1.45/pt),,
9538,"Kedem Concord Grape Juice, Case","Kedem Concord Grape Juice, Case",cat_popbev,catering,"22oz, 12 per case","		$31.99/cs($1.94/pt)",31.99,cs(,1.94/pt),,
9539,"Kedem Cranberry Juice Cocktail, Case","Kedem Cranberry Juice Cocktail, Case",cat_popbev,catering,"64oz, 8 per case","		$25.49/cs($0.80/pt)",25.49,cs(,0.80/pt),,
9540,"Kedem Light Grape Juice Beverage, Case","Kedem Light Grape Juice Beverage, Case",cat_popbev,catering,"64oz, 8 per case","		$46.49/cs($1.45/pt)",46.49,cs(,1.45/pt),,
9541,"Kedem White Grape Juice (plastic bottle), Case","Kedem White Grape Juice (plastic bottle), Case",cat_popbev,catering,"64oz, 8 per case","		$46.49/cs($1.45/pt)",46.49,cs(,1.45/pt),,
9542,"Kedem White Grape Juice, Case","Kedem White Grape Juice, Case",cat_popbev,catering,"22oz, 12 per case","		$31.99/cs($1.94/pt)",31.99,cs(,1.94/pt),,
9543,Martinelli's Gold Medal Apple Juice Pack,Martinelli's Gold Medal Apple Juice Pack,cat_popbev,catering,"10oz bottles, 12 per case","		$19.99/cs($24.99/pt)",19.99,cs(,24.99/pt),,
9544,"Martinelli's Gold Medal Apple Juice, Case","Martinelli's Gold Medal Apple Juice, Case",cat_popbev,catering,"64oz, 6 per case","		$42.99/cs($1.79/pt)",42.99,cs(,1.79/pt),,
9545,"Martinelli's Gold Medal Organic Apple Juice, Case","Martinelli's Gold Medal Organic Apple Juice, Case",cat_popbev,catering,"64oz, 6 per case","		$48.49/cs($2.02/pt)",48.49,cs(,2.02/pt),,
9546,"Martinelli's Gold Medal Sparkling Apple Cider, Case","Martinelli's Gold Medal Sparkling Apple Cider, Case",cat_popbev,catering,"25.4oz bottle, 12 per case"," 	$31.19/cs $38.49Save 18%($1.64/pt)",31.19,cs ,38.49Save 18%(1.64/pt),1.64/pt),
9547,"Mott's Apple Juice from Concentrate, Case","Mott's Apple Juice from Concentrate, Case",cat_popbev,catering,"64oz, 8 per case","		$26.49/cs($0.83/pt)",26.49,cs(,0.83/pt),,
9548,"Mott's Clamato Tomato Juice Cocktail, Case","Mott's Clamato Tomato Juice Cocktail, Case",cat_popbev,catering,"32oz, 12 per case","		$33.99/cs($1.42/pt)",33.99,cs(,1.42/pt),,
9549,"Northland No Sugar Added 100% Cranberry Pomegranate Juice, Case","Northland No Sugar Added 100% Cranberry Pomegranate Juice, Case",cat_popbev,catering,"64oz, 8 per case","		$28.49/cs($0.89/pt)",28.49,cs(,0.89/pt),,
9550,"Ocean Spray Cran-Apple Juice Cocktail, Case","Ocean Spray Cran-Apple Juice Cocktail, Case",cat_popbev,catering,"64oz, 8 per case","		$28.49/cs($0.89/pt)",28.49,cs(,0.89/pt),,
9551,"Ocean Spray Cran-Raspberry Juice Cocktail, Case","Ocean Spray Cran-Raspberry Juice Cocktail, Case",cat_popbev,catering,"64oz, 8 per case","		$28.49/cs($0.89/pt)",28.49,cs(,0.89/pt),,
9552,"Ocean Spray Cranberry Juice Cocktail, Case","Ocean Spray Cranberry Juice Cocktail, Case",cat_popbev,catering,"64oz, 8 per case","		$28.49/cs($0.89/pt)",28.49,cs(,0.89/pt),,
9553,"Perrier Sparkling Natural Mineral Water, Lemon, Case","Perrier Sparkling Natural Mineral Water, Lemon, Case",cat_popbev,catering,"4pk x 6 (24ct), 11.15oz (330ml) ea","		$21.49/cs($1.28/pt)",21.49,cs(,1.28/pt),,
9554,"Perrier Sparkling Natural Mineral Water, Lime, Case","Perrier Sparkling Natural Mineral Water, Lime, Case",cat_popbev,catering,"4pk x 6 (24ct), 11.15oz (330ml) ea","		$21.49/cs($1.28/pt)",21.49,cs(,1.28/pt),,
9557,"R.W. Knudsen Blueberry-Pomegranate Juice, Organic, Case","R.W. Knudsen Blueberry-Pomegranate Juice, Organic, Case",cat_popbev,catering,"12 per case, 32floz ea","		$38.49/cs($1.60/pt)",38.49,cs(,1.60/pt),,
9558,"R.W. Knudsen Cranberry-Pomegranate Juice, Organic, Case","R.W. Knudsen Cranberry-Pomegranate Juice, Organic, Case",cat_popbev,catering,"12 per case, 32floz ea","		$38.49/cs($1.60/pt)",38.49,cs(,1.60/pt),,
9559,"R.W. Knudsen Just Concord Grape Juice, Organic, Case","R.W. Knudsen Just Concord Grape Juice, Organic, Case",cat_popbev,catering,"6 per case, 32floz ea","		$27.99/cs($1.17/pt)",27.99,cs(,1.17/pt),,
9560,"R.W. Knudsen Just Cranberry Juice, Case","R.W. Knudsen Just Cranberry Juice, Case",cat_popbev,catering,"12 per case, 32floz ea","		$72.99/cs($3.04/pt)",72.99,cs(,3.04/pt),,
9561,"R.W. Knudsen Very Veggie Juice, Low Sodium, Case","R.W. Knudsen Very Veggie Juice, Low Sodium, Case",cat_popbev,catering,"12 per case, 32floz ea","		$33.99/cs($1.42/pt)",33.99,cs(,1.42/pt),,
9562,"ReaLime Lime Juice, Case","ReaLime Lime Juice, Case",cat_popbev,catering,"8oz, 12 per case","		$24.49/cs($4.08/pt)",24.49,cs(,4.08/pt),,
9570,"Santa Cruz Organic Lemonade, Case","Santa Cruz Organic Lemonade, Case",cat_popbev,catering,"12 per case, 32floz ea","		$28.99/cs($1.21/pt)",28.99,cs(,1.21/pt),,
9571,"Santa Cruz Organic Mango Lemonade, Case","Santa Cruz Organic Mango Lemonade, Case",cat_popbev,catering,"12 per case, 32floz ea","		$28.99/cs($1.21/pt)",28.99,cs(,1.21/pt),,
9572,"Santa Cruz Organic Strawberry Lemonade, Case","Santa Cruz Organic Strawberry Lemonade, Case",cat_popbev,catering,"12 per case, 32floz ea","		$28.99/cs($1.21/pt)",28.99,cs(,1.21/pt),,
9573,"Saratoga Natural (Non-Sparkling) Spring Water, Case","Saratoga Natural (Non-Sparkling) Spring Water, Case",cat_popbev,catering,"12ct, 28 fl oz ea","		$20.99/cs($1.00/pt)",20.99,cs(,1.00/pt),,
9574,"Saratoga Sparkling Spring Water, Case","Saratoga Sparkling Spring Water, Case",cat_popbev,catering,"12ct, 28 fl oz ea","		$20.99/cs($1.00/pt)",20.99,cs(,1.00/pt),,
9575,"Schweppes Tonic Water, Case","Schweppes Tonic Water, Case",cat_popbev,catering,"1 liter, 12 per case","		$17.99/cs($0.71/pt)",17.99,cs(,0.71/pt),,
9576,"Seagram's Club Soda, Case","Seagram's Club Soda, Case",cat_popbev,catering,"1 liter, 12 per case"," 	$13.29/cs $16.99Save 20%($0.52/pt)",13.29,cs ,16.99Save 20%(0.52/pt),0.52/pt),
9577,"Seagram's Tonic Water, Case","Seagram's Tonic Water, Case",cat_popbev,catering,"1 liter, 12 per case"," 	$13.29/cs $16.99Save 20%($0.52/pt)",13.29,cs ,16.99Save 20%(0.52/pt),0.52/pt),
9579,"Sparkling Ice Coconut Pineapple Sparkling Mountain Spring Water, Case","Sparkling Ice Coconut Pineapple Sparkling Mountain Spring Water, Case",cat_popbev,catering,"12ct, 17oz ea","		$16.99/cs($1.33/pt)",16.99,cs(,1.33/pt),,
9580,"Sparkling Ice Crisp Apple Sparkling Mountain Spring Water, Case","Sparkling Ice Crisp Apple Sparkling Mountain Spring Water, Case",cat_popbev,catering,"12ct, 17oz ea","		$16.99/cs($1.33/pt)",16.99,cs(,1.33/pt),,
9581,"Sparkling Ice Kiwi Strawberry Sparkling Mountain Spring Water, Case","Sparkling Ice Kiwi Strawberry Sparkling Mountain Spring Water, Case",cat_popbev,catering,"12ct, 17oz ea","		$16.99/cs($1.33/pt)",16.99,cs(,1.33/pt),,
9582,"Sparkling Ice Lemon Lime Sparkling Mountain Spring Water, Case","Sparkling Ice Lemon Lime Sparkling Mountain Spring Water, Case",cat_popbev,catering,"12ct, 17oz ea","		$16.99/cs($1.33/pt)",16.99,cs(,1.33/pt),,
9583,"Sparkling Ice Lemonade With Tea Sparkling Mountain Spring Water, Case","Sparkling Ice Lemonade With Tea Sparkling Mountain Spring Water, Case",cat_popbev,catering,"12ct, 17oz ea","		$16.99/cs($1.33/pt)",16.99,cs(,1.33/pt),,
9584,"Sparkling Ice Orange Mango Sparkling Mountain Spring Water, Case","Sparkling Ice Orange Mango Sparkling Mountain Spring Water, Case",cat_popbev,catering,"12ct, 17oz ea","		$16.99/cs($1.33/pt)",16.99,cs(,1.33/pt),,
9585,"Sparkling Ice Peach Nectarine Sparkling Mountain Spring Water, Case","Sparkling Ice Peach Nectarine Sparkling Mountain Spring Water, Case",cat_popbev,catering,"12ct, 17oz ea","		$16.99/cs($1.33/pt)",16.99,cs(,1.33/pt),,
9586,"Sparkling Ice Pomegranate Berry Sparkling Mountain Spring Water, Case","Sparkling Ice Pomegranate Berry Sparkling Mountain Spring Water, Case",cat_popbev,catering,"12ct, 17oz ea","		$16.99/cs($1.33/pt)",16.99,cs(,1.33/pt),,
9587,"Sparkling Ice Raspberry Lemonade Sparkling Mountain Spring Water, Case","Sparkling Ice Raspberry Lemonade Sparkling Mountain Spring Water, Case",cat_popbev,catering,"12ct, 17oz ea","		$16.99/cs($1.33/pt)",16.99,cs(,1.33/pt),,
9588,"Sparkling Ice Strawberry Lemonade Sparkling Mountain Spring Water, Case","Sparkling Ice Strawberry Lemonade Sparkling Mountain Spring Water, Case",cat_popbev,catering,"12ct, 17oz ea","		$16.99/cs($1.33/pt)",16.99,cs(,1.33/pt),,
9589,"Sunsweet Prune Juice, Case","Sunsweet Prune Juice, Case",cat_popbev,catering,"32oz, 12 per case","		$35.49/cs($1.48/pt)",35.49,cs(,1.48/pt),,
9590,"Sunsweet Prune Juice, Case","Sunsweet Prune Juice, Case",cat_popbev,catering,"64oz, 8 per case","		$32.99/cs($1.03/pt)",32.99,cs(,1.03/pt),,
9591,"Tropicana Cranberry Cocktail Juice, Case","Tropicana Cranberry Cocktail Juice, Case",cat_popbev,catering,"10oz bottles, 24 per case","		$18.99/cs($1.27/pt)",18.99,cs(,1.27/pt),,
9593,"V8 Vegetable Juice, Case","V8 Vegetable Juice, Case",cat_popbev,catering,"5.5oz can, 48 per case","		$28.49/cs($1.68/pt)",28.49,cs(,1.68/pt),,
9594,"Vita Coco Pure Coconut Water with Peach & Mango, Case","Vita Coco Pure Coconut Water with Peach & Mango, Case",cat_popbev,catering,"330ml, 12 per case","		$20.99/cs($1049.50/pt)",20.99,cs(,1049.50/pt),,
9595,"Vita Coco Pure Coconut Water with Pineapple, Case","Vita Coco Pure Coconut Water with Pineapple, Case",cat_popbev,catering,"330ml, 12 per case","		$20.99/cs($1049.50/pt)",20.99,cs(,1049.50/pt),,
9596,"Vita Coco Pure Coconut Water, Case","Vita Coco Pure Coconut Water, Case",cat_popbev,catering,"500ml, 12 per case","		$31.99/cs($799.75/pt)",31.99,cs(,799.75/pt),,
9597,"Vita Coco Pure Coconut Water, Case","Vita Coco Pure Coconut Water, Case",cat_popbev,catering,"1 liter, 12 per case","		$55.99/cs($2.21/pt)",55.99,cs(,2.21/pt),,
9598,"Welch's Grape Juice, Case","Welch's Grape Juice, Case",cat_popbev,catering,"64oz, 8 per case","		$33.49/cs($1.05/pt)",33.49,cs(,1.05/pt),,
9599,"Welch's White Grape Juice, Case","Welch's White Grape Juice, Case",cat_popbev,catering,"64oz, 8 per case","		$33.49/cs($1.05/pt)",33.49,cs(,1.05/pt),,
9600,"Zico Chocolate Coconut Water, Case","Zico Chocolate Coconut Water, Case",cat_popbev,catering,"14oz, 12 per case","		$25.49/cs($2.43/pt)",25.49,cs(,2.43/pt),,
9601,"Zico Pure Coconut Water, Case","Zico Pure Coconut Water, Case",cat_popbev,catering,"1 liter (33.8oz), 12 per case","		$53.49/cs($2.11/pt)",53.49,cs(,2.11/pt),,
9605,"Vintage Pomegranate Seltzer, Case","Vintage Pomegranate Seltzer, Case",cat_popbev,catering,"1 liter bottles, 12 per case","		$0.00/null($0.00/pt)",0,null(,0.00/pt),,
9606,"Coco Libre Protein Coconut Water with Natural Vanilla Flavor, Case","Coco Libre Protein Coconut Water with Natural Vanilla Flavor, Case",cat_popbev,catering,"12pk, 11oz","		$0.00/null($0.00/pt)",0,null(,0.00/pt),,
9608,"Kedem Apple Juice All-Natural, Case","Kedem Apple Juice All-Natural, Case",cat_popbev,catering,"64oz, 8 per case","		$0.00/null($0.00/pt)",0,null(,0.00/pt),,
9610,Wild Cold Water Lobster Tails,Wild Cold Water Lobster Tails,sspe,seafood,4oz tail,"		$9.99/ea",9.99,ea,,,
9612,Wild Cold Water Lobster Tails,Wild Cold Water Lobster Tails,sspe,seafood,8oz tail,"		$17.99/ea",17.99,ea,,,
9613,Great South Bay Farm-Raised Oyster,Great South Bay Farm-Raised Oyster,sspe,seafood,NA,"		1.50/eaAny 12 Oysters for $15.00Mix'n'Match",1.5,50/eaAny 12 Oysters for,15.00Mix'n'Match,,
9614,Naked Cowboy Oysters,Naked Cowboy Oysters,sspe,seafood,NA,"		$1.59/ea",1.59,ea,,,
9615,Wild Cold Water Lobster Tails,Wild Cold Water Lobster Tails,sspe,seafood,12oz tail,"		$25.99/ea",25.99,ea,,,
9616,Pemaquid Farm-Raised Oysters,Pemaquid Farm-Raised Oysters,sspe,seafood,NA,"		$0.00/nullAny 12 Oysters for $15.00Mix'n'Match",0,nullAny 12 Oysters for ,15.00Mix'n'Match,,
9617,Watch Hill Farm-Raised Oysters,Watch Hill Farm-Raised Oysters,sspe,seafood,NA,"		$0.00/nullAny 12 Oysters for $15.00Mix'n'Match",0,nullAny 12 Oysters for ,15.00Mix'n'Match,,
9619,"Bounty Basic Paper Towels, Select-a-Size, Double Rolls","Bounty Basic Paper Towels, Select-a-Size, Double Rolls",hhd_bulk,household,6 rolls,"		$11.99/ea($2.00/ct)",11.99,ea(,2.00/ct),,
9620,"Cascade 2 in 1 ActionPacs Dish Detergent, Case","Cascade 2 in 1 ActionPacs Dish Detergent, Case",hhd_bulk,household,100 packs per case,"		$30.99/cs($0.31/ct)",30.99,cs(,0.31/ct),,
9621,"Cascade Lemon Automatic Dishwasher Liquigel, Case","Cascade Lemon Automatic Dishwasher Liquigel, Case",hhd_bulk,household,"45oz, 9 per case","		$34.49/cs($1.36/pt)",34.49,cs(,1.36/pt),,
9624,"Cloud 9 2-Ply Soft Facial Tissue, Case","Cloud 9 2-Ply Soft Facial Tissue, Case",hhd_bulk,household,"18 boxes, 160ct/box","		$26.99/cs($1.50/ct)",26.99,cs(,1.50/ct),,
9625,"Cloud 9 2-Ply Strong & Absorbent Paper Towels, Full Sheets, Case","Cloud 9 2-Ply Strong & Absorbent Paper Towels, Full Sheets, Case",hhd_bulk,household,"30 rolls, 48ct sheets/roll","		$39.99/cs($1.33/ct)",39.99,cs(,1.33/ct),,
9626,"Cloud 9 3-Ply Ultra Soft Facial Tissue with Lotion, Case","Cloud 9 3-Ply Ultra Soft Facial Tissue with Lotion, Case",hhd_bulk,household,"27 boxes, 66ct/box","		$40.99/cs($1.52/ct)",40.99,cs(,1.52/ct),,
9627,"Cloud 9 Black Flap Tie Large Trash Bags, 30 Gallon, Case","Cloud 9 Black Flap Tie Large Trash Bags, 30 Gallon, Case",hhd_bulk,household,"6 boxes, 40ct/box","		$42.99/cs($0.18/ct)",42.99,cs(,0.18/ct),,
9628,"Cloud 9 Flap Tie Tall Kitchen Bags, 13 Gallon, Case","Cloud 9 Flap Tie Tall Kitchen Bags, 13 Gallon, Case",hhd_bulk,household,"12 boxes, 35ct/box","		$64.49/cs($0.15/ct)",64.49,cs(,0.15/ct),,
9633,"Cloud 9 Superflex Drawstring Tall Kitchen Bags with Odor Control, 13 Gallon, Case","Cloud 9 Superflex Drawstring Tall Kitchen Bags with Odor Control, 13 Gallon, Case",hhd_bulk,household,"6 boxes, 34ct/box","		$37.49/cs($0.18/ct)",37.49,cs(,0.18/ct),,
9634,"Cloud 9 Superflex Drawstring Tall Kitchen Bags, 13 Gallon, Case","Cloud 9 Superflex Drawstring Tall Kitchen Bags, 13 Gallon, Case",hhd_bulk,household,"6 boxes, 38ct/box","		$37.49/cs($0.16/ct)",37.49,cs(,0.16/ct),,
9640,"Downy April Fresh Liquid Fabric Softener, 40 Load Concentrated Formula, Case","Downy April Fresh Liquid Fabric Softener, 40 Load Concentrated Formula, Case",hhd_bulk,household,"34oz, 6 per case","		$31.99/cs($2.51/pt)",31.99,cs(,2.51/pt),,
9641,"Finish Jet-Dry Rinse Aid Agent, Case","Finish Jet-Dry Rinse Aid Agent, Case",hhd_bulk,household,"8ct, 8.45oz ea","		$34.99/cs($8.27/pt)",34.99,cs(,8.27/pt),,
9642,"Finish Powerball Tabs Automatic Dishwasher Detergent, Fresh Scent, Case","Finish Powerball Tabs Automatic Dishwasher Detergent, Fresh Scent, Case",hhd_bulk,household,"8ct, 32 tabs ea","		$57.49/cs($0.22/ct)",57.49,cs(,0.22/ct),,
9643,"Finish Quantum Max & Shine Protect Dishwasher Detergent Tablets, Fresh Scent, Case","Finish Quantum Max & Shine Protect Dishwasher Detergent Tablets, Fresh Scent, Case",hhd_bulk,household,"6ct, 25ea pack","		$38.49/cs($0.26/ct)",38.49,cs(,0.26/ct),,
9644,"Glad ForceFlex Tall Kitchen Bags with Febreze Freshness, 13 Gallon, Case","Glad ForceFlex Tall Kitchen Bags with Febreze Freshness, 13 Gallon, Case",hhd_bulk,household,"6 boxes, 34ct/box","		$48.49/cs($0.24/ct)",48.49,cs(,0.24/ct),,
9649,"Kleenex 2-Ply Facial Tissue, Case","Kleenex 2-Ply Facial Tissue, Case",hhd_bulk,household,"27 boxes, 74ct/box","		$55.49/cs($0.03/ct)",55.49,cs(,0.03/ct),,
9650,"Kleenex 2-Ply Facial Tissues, Case","Kleenex 2-Ply Facial Tissues, Case",hhd_bulk,household,"32 boxes, 160ct/box","		$69.49/cs($2.17/ct)",69.49,cs(,2.17/ct),,
9651,"Kleenex White 2-Ply Facial Tissue, Case","Kleenex White 2-Ply Facial Tissue, Case",hhd_bulk,household,"18 boxes, 210ct/box","		$47.99/cs($0.01/ct)",47.99,cs(,0.01/ct),,
9652,"Lysol All Purpose Cleaner, Orange Breeze Scent, Case","Lysol All Purpose Cleaner, Orange Breeze Scent, Case",hhd_bulk,household,"9ct, 35oz ea","		$30.49/cs($1.55/pt)",30.49,cs(,1.55/pt),,
9653,"Lysol All-Purpose Cleaner Spray, Lemon Breeze Scent, Case","Lysol All-Purpose Cleaner Spray, Lemon Breeze Scent, Case",hhd_bulk,household,"12ct, 32oz ea","		$38.49/cs($1.60/pt)",38.49,cs(,1.60/pt),,
9654,"Lysol Cling Gel Toilet Bowl Cleaner, Country Scent, Case","Lysol Cling Gel Toilet Bowl Cleaner, Country Scent, Case",hhd_bulk,household,"12ct, 24oz ea","		$30.99/cs($1.72/pt)",30.99,cs(,1.72/pt),,
9655,"Lysol Disinfectant Spray, Crisp Linen Scent, Case","Lysol Disinfectant Spray, Crisp Linen Scent, Case",hhd_bulk,household,"12ct, 19oz ea","		$78.49/cs($5.51/pt)",78.49,cs(,5.51/pt),,
9656,"Lysol Disinfecting Wipes, Lemon & Lime Blossom Scent, Case","Lysol Disinfecting Wipes, Lemon & Lime Blossom Scent, Case",hhd_bulk,household,"12ct, 35 wipes ea","		$38.49/cs($0.09/ct)",38.49,cs(,0.09/ct),,
9657,"Lysol Dual Action Disinfecting Wipes, Citrus Scent, Case","Lysol Dual Action Disinfecting Wipes, Citrus Scent, Case",hhd_bulk,household,"12ct, 35 wipes ea","		$38.49/cs($0.09/ct)",38.49,cs(,0.09/ct),,
9658,"Lysol Dual Action Disinfecting Wipes, Citrus Scent, Case","Lysol Dual Action Disinfecting Wipes, Citrus Scent, Case",hhd_bulk,household,"6ct, 75 wipes ea","		$34.99/cs($0.08/ct)",34.99,cs(,0.08/ct),,
9659,"Lysol Neutra Air Sanitizing Spray, Fresh Scent, Case","Lysol Neutra Air Sanitizing Spray, Fresh Scent, Case",hhd_bulk,household,"6ct, 16oz ea","		$29.49/cs($4.92/pt)",29.49,cs(,4.92/pt),,
9660,"Lysol Power Kitchen Cleaner Spray, Case","Lysol Power Kitchen Cleaner Spray, Case",hhd_bulk,household,"12ct, 22oz ea","		$31.99/cs($0.12/ct)",31.99,cs(,0.12/ct),,
9661,"Lysol Power Toilet Bowl Cleaner with Bleach, Case","Lysol Power Toilet Bowl Cleaner with Bleach, Case",hhd_bulk,household,"12ct, 24oz ea","		$30.99/cs($1.72/pt)",30.99,cs(,1.72/pt),,
9662,"Lysol Power Toilet Bowl Cleaner, Case","Lysol Power Toilet Bowl Cleaner, Case",hhd_bulk,household,"12ct, 24oz ea","		$30.99/cs($1.72/pt)",30.99,cs(,1.72/pt),,
9665,"Puffs Plus Lotion 2-Ply Facial Tissue, Cube Boxes, Case","Puffs Plus Lotion 2-Ply Facial Tissue, Cube Boxes, Case",hhd_bulk,household,"24 boxes, 56ct/box","		$35.99/cs($0.03/ct)",35.99,cs(,0.03/ct),,
9666,"Seventh Generation Natural Liquid Laundry Detergent HE, 2X Concentrated, Free & Clear, Case","Seventh Generation Natural Liquid Laundry Detergent HE, 2X Concentrated, Free & Clear, Case",hhd_bulk,household,"50oz, 6 per case","		$48.49/cs($2.59/pt)",48.49,cs(,2.59/pt),,
9668,"Tide Free & Gentle Unscented Liquid Laundry Detergent, Case","Tide Free & Gentle Unscented Liquid Laundry Detergent, Case",hhd_bulk,household,6/ 50oz bottles,"		$48.49/cs($5.17/pt)",48.49,cs(,5.17/pt),,
9669,"Tide Liquid Laundry Detergent With Bleach Alternative, Case","Tide Liquid Laundry Detergent With Bleach Alternative, Case",hhd_bulk,household,6 /50oz bottles,"		$48.49/cs($5.17/pt)",48.49,cs(,5.17/pt),,
9670,"Tide Liquid Laundry Detergent, Case","Tide Liquid Laundry Detergent, Case",hhd_bulk,household,6 / 50oz bottles,"		$48.49/cs($5.17/pt)",48.49,cs(,5.17/pt),,
9672,"Woolite Extra Dark Care Laundry Detergent, Case","Woolite Extra Dark Care Laundry Detergent, Case",hhd_bulk,household,"6ct, 50oz ea","		$53.49/cs($2.85/pt)",53.49,cs(,2.85/pt),,
9673,"Woolite Extra Delicates Care Laundry Detergent, Case","Woolite Extra Delicates Care Laundry Detergent, Case",hhd_bulk,household,"12ct, 16oz ea","		$58.99/cs($4.92/pt)",58.99,cs(,4.92/pt),,
9674,"Glad Tall Kitchen Bags, Easy Tie Flaps, 13 Gallon","Glad Tall Kitchen Bags, Easy Tie Flaps, 13 Gallon",hhd_bulk,household,35ct,"		$0.00/null($0.00/ct)",0,null(,0.00/ct),,
9680,Astica Torrontés,Astica Torrontés,vin_type_whites,wine,750ml,"		$5.99/ea($7.99/l)",5.99,ea(,7.99/l),,
9681,Indaba Chardonnay,Indaba Chardonnay,vin_type_whites,wine,750ml,"		$9.99/ea($13.32/l)",9.99,ea(,13.32/l),,
9683,Oyster Bay Sauvignon Blanc Marlborough,Oyster Bay Sauvignon Blanc Marlborough,vin_type_whites,wine,750ml,"		$13.99/ea($18.65/l)",13.99,ea(,18.65/l),,
9685,Babich Marlborough Sauvignon Blanc,Babich Marlborough Sauvignon Blanc,vin_type_whites,wine,750ml,"		$14.99/ea($19.99/l)",14.99,ea(,19.99/l),,
9686,Bartenura Pinot Grigio Delle Venezie,Bartenura Pinot Grigio Delle Venezie,vin_type_whites,wine,750ml,"		$14.99/ea($19.99/l)",14.99,ea(,19.99/l),,
9687,Beyond Sauvignon Blanc,Beyond Sauvignon Blanc,vin_type_whites,wine,750ml,"		$9.99/ea($13.32/l)",9.99,ea(,13.32/l),,
9688,Bogle Chardonnay ,Bogle Chardonnay ,vin_type_whites,wine,750ml,"		$11.99/ea($15.99/l)",11.99,ea(,15.99/l),,
9689,Bonterra Sauvignon Blanc,Bonterra Sauvignon Blanc,vin_type_whites,wine,750ml,"		$12.99/ea($17.32/l)",12.99,ea(,17.32/l),,
9690,Ca'Donini Pinot Grigio 750 ml,Ca'Donini Pinot Grigio 750 ml,vin_type_whites,wine,750ml,"		$6.99/ea($9.32/l)",6.99,ea(,9.32/l),,
9691,Ca'Donini Pinot Grigio 1500 ml,Ca'Donini Pinot Grigio 1500 ml,vin_type_whites,wine,1500ml (1.5L),"		$12.99/ea($8.66/l)",12.99,ea(,8.66/l),,
9692,Château St. Jean Chardonnay,Château St. Jean Chardonnay,vin_type_whites,wine,750ml,"		$11.99/ea($15.99/l)",11.99,ea(,15.99/l),,
9693,Cupcake Sauvignon Blanc,Cupcake Sauvignon Blanc,vin_type_whites,wine,750ml,"		$11.99/ea($15.99/l)",11.99,ea(,15.99/l),,
9694,Guenoc California Chardonnay,Guenoc California Chardonnay,vin_type_whites,wine,750ml,"		$8.99/ea($11.99/l)",8.99,ea(,11.99/l),,
9696,La Vieille Ferme White,La Vieille Ferme White,vin_type_whites,wine,750ml,"		$9.99/ea($13.32/l)",9.99,ea(,13.32/l),,
9697,Laurent Miquel Chardonnay Viognier,Laurent Miquel Chardonnay Viognier,vin_type_whites,wine,750ml,"		$9.99/ea($13.32/l)",9.99,ea(,13.32/l),,
9698,Man Vintners Chenin Blanc,Man Vintners Chenin Blanc,vin_type_whites,wine,750ml,"		$9.99/ea($13.32/l)",9.99,ea(,13.32/l),,
9699,Montinore Estate Pinot Gris,Montinore Estate Pinot Gris,vin_type_whites,wine,750ml,"		$15.99/ea($21.32/l)",15.99,ea(,21.32/l),,
9701,Neil Ellis Sincerely Sauvignon Blanc,Neil Ellis Sincerely Sauvignon Blanc,vin_type_whites,wine,750ml,"		$12.99/ea($17.32/l)",12.99,ea(,17.32/l),,
9702,Ouro Verde Vinho Verde,Ouro Verde Vinho Verde,vin_type_whites,wine,750ml,"		$8.99/ea($11.99/l)",8.99,ea(,11.99/l),,
9703,Oyster Bay Chardonnay,Oyster Bay Chardonnay,vin_type_whites,wine,750ml,"		$14.99/ea($19.99/l)",14.99,ea(,19.99/l),,
9704,Riff Pinot Grigio ,Riff Pinot Grigio ,vin_type_whites,wine,750ml,"		$12.99/ea($17.32/l)",12.99,ea(,17.32/l),,
9706,The Pinot Project Pinot Grigio,The Pinot Project Pinot Grigio,vin_type_whites,wine,750ml,"		$13.99/ea($18.65/l)",13.99,ea(,18.65/l),,
9707,The Pinot Project Pinot Noir,The Pinot Project Pinot Noir,vin_type_whites,wine,750ml,"		$13.99/ea($18.65/l)",13.99,ea(,18.65/l),,
9708,Three Thieves Bandit Pinot Grigio,Three Thieves Bandit Pinot Grigio,vin_type_whites,wine,1L,"		$9.99/ea($9.99/l)",9.99,ea(,9.99/l),,
9709,Astica Chardonnay,Astica Chardonnay,vin_type_whites,wine,1500ml (1.5L)," 	$11.49/ea $12.99Save 10%($7.66/l)",11.49,ea ,12.99Save 10%(7.66/l),7.66/l),
9710,Baron Herzog Chenin Blanc,Baron Herzog Chenin Blanc,vin_type_whites,wine,750ml,"		$8.99/ea($11.99/l)",8.99,ea(,11.99/l),,
9711,Baron Patrick de Ladoucette Les Deux Tours Sauvignon Blanc,Baron Patrick de Ladoucette Les Deux Tours Sauvignon Blanc,vin_type_whites,wine,750ml,"		$18.99/ea($25.32/l)",18.99,ea(,25.32/l),,
9712,Bastianich Friulano,Bastianich Friulano,vin_type_whites,wine,750ml,"		$21.99/ea($29.32/l)",21.99,ea(,29.32/l),,
9714,Beltane Ranch Sauvignon Blanc Sonoma Valley,Beltane Ranch Sauvignon Blanc Sonoma Valley,vin_type_whites,wine,750ml,"		$19.99/ea($26.65/l)",19.99,ea(,26.65/l),,
9715,Binyamina Reserve Chardonnay (Unoaked),Binyamina Reserve Chardonnay (Unoaked),vin_type_whites,wine,750ml,"		$19.99/ea($26.65/l)",19.99,ea(,26.65/l),,
9716,Boutari Moschofilero Boutari,Boutari Moschofilero Boutari,vin_type_whites,wine,750ml,"		$13.99/ea($18.65/l)",13.99,ea(,18.65/l),,
9717,Burgans Albariño,Burgans Albariño,vin_type_whites,wine,750ml,"		$14.99/ea($19.99/l)",14.99,ea(,19.99/l),,
9718,Ca'Donini Chardonnay,Ca'Donini Chardonnay,vin_type_whites,wine,750ml,"		$6.99/ea($9.32/l)",6.99,ea(,9.32/l),,
9720,Casa Lapostolle Chardonnay Cuvée Alexandre,Casa Lapostolle Chardonnay Cuvée Alexandre,vin_type_whites,wine,750ml,"		$24.99/ea($33.32/l)",24.99,ea(,33.32/l),,
9722,Cave de Lugny Macon-Lugny Les Charmes Chardonnay,Cave de Lugny Macon-Lugny Les Charmes Chardonnay,vin_type_whites,wine,750ml,"		$13.99/ea($18.65/l)",13.99,ea(,18.65/l),,
9723,Château Lamothe de Haux Bordeaux Blanc,Château Lamothe de Haux Bordeaux Blanc,vin_type_whites,wine,750ml,"		$12.99/ea($17.32/l)",12.99,ea(,17.32/l),,
9730,Chateau St. Jean Sonoma Fumé Blanc,Chateau St. Jean Sonoma Fumé Blanc,vin_type_whites,wine,750ml,"		$12.99/ea($17.32/l)",12.99,ea(,17.32/l),,
9731,Château Tour de Goupin Bordeaux Sauvignon Blanc,Château Tour de Goupin Bordeaux Sauvignon Blanc,vin_type_whites,wine,750ml," 	$9.79/ea $10.99Save 10%($13.05/l)",9.79,ea ,10.99Save 10%(13.05/l),13.05/l),
9732,Clément Klur Gentil de Katz,Clément Klur Gentil de Katz,vin_type_whites,wine,750ml,"		$19.99/ea($26.65/l)",19.99,ea(,26.65/l),,
9734,Conundrum White Table Wine,Conundrum White Table Wine,vin_type_whites,wine,750ml,"		$23.99/ea($31.99/l)",23.99,ea(,31.99/l),,
9735,DMZ Chardonnay,DMZ Chardonnay,vin_type_whites,wine,750ml,"		$14.99/ea($19.99/l)",14.99,ea(,19.99/l),,
9736,Dom. Rothschild (Lafite) Réserve Spéciale  Bordeaux Blanc ,Dom. Rothschild (Lafite) Réserve Spéciale  Bordeaux Blanc ,vin_type_whites,wine,750ml,"		$14.99/ea($19.99/l)",14.99,ea(,19.99/l),,
9739,Domaine de la Meuliere Chablis,Domaine de la Meuliere Chablis,vin_type_whites,wine,750ml,"		$21.99/ea($29.32/l)",21.99,ea(,29.32/l),,
9740,Domaine de la Pinardière Muscadet,Domaine de la Pinardière Muscadet,vin_type_whites,wine,750ml,"		$12.99/ea($17.32/l)",12.99,ea(,17.32/l),,
9741,Domaine La Croix Belle Chardonnay,Domaine La Croix Belle Chardonnay,vin_type_whites,wine,750ml,"		$11.99/ea($15.99/l)",11.99,ea(,15.99/l),,
9742,Domaine Michel Barraud Macon-Villages,Domaine Michel Barraud Macon-Villages,vin_type_whites,wine,750ml,"		$16.99/ea($22.65/l)",16.99,ea(,22.65/l),,
9743,Domaine Raissac Le Parc Chardonnay,Domaine Raissac Le Parc Chardonnay,vin_type_whites,wine,750ml,"		$12.99/ea($17.32/l)",12.99,ea(,17.32/l),,
9744,Domaine Saint-Lannes Côtes de Gascogne Blanc,Domaine Saint-Lannes Côtes de Gascogne Blanc,vin_type_whites,wine,750ml,"		$9.99/ea($13.32/l)",9.99,ea(,13.32/l),,
9745,Domaine Sautereau Sancerre,Domaine Sautereau Sancerre,vin_type_whites,wine,750ml,"		$21.99/ea($29.32/l)",21.99,ea(,29.32/l),,
9746,Domaines Schlumberger Les Princes Abbés Pinot Blanc ,Domaines Schlumberger Les Princes Abbés Pinot Blanc ,vin_type_whites,wine,750ml,"		$15.99/ea($21.32/l)",15.99,ea(,21.32/l),,
9747,Domane Wachau Grüner Veltliner Terrassen Federspiel,Domane Wachau Grüner Veltliner Terrassen Federspiel,vin_type_whites,wine,750ml,"		$16.99/ea($22.65/l)",16.99,ea(,22.65/l),,
9748,Domane Wachau Riesling Terrassen Federspiel,Domane Wachau Riesling Terrassen Federspiel,vin_type_whites,wine,750ml,"		$19.99/ea($26.65/l)",19.99,ea(,26.65/l),,
9749,Donnachiara Greco di Tufo,Donnachiara Greco di Tufo,vin_type_whites,wine,750ml,"		$18.99/ea($25.32/l)",18.99,ea(,25.32/l),,
9750,Dry Creek Vineyard Chenin Blanc,Dry Creek Vineyard Chenin Blanc,vin_type_whites,wine,750ml,"		$11.99/ea($15.99/l)",11.99,ea(,15.99/l),,
9751,Edna Valley Vineyard Paragon Chardonnay,Edna Valley Vineyard Paragon Chardonnay,vin_type_whites,wine,750ml,"		$15.99/ea($21.32/l)",15.99,ea(,21.32/l),,
9752,Esporao Monte Velho Branco,Esporao Monte Velho Branco,vin_type_whites,wine,750ml,"		$9.99/ea($13.32/l)",9.99,ea(,13.32/l),,
9753,Feudi di San Gregorio Falanghina,Feudi di San Gregorio Falanghina,vin_type_whites,wine,750ml,"		$16.99/ea($22.65/l)",16.99,ea(,22.65/l),,
9754,Finca Salazar Sauvignon Blanc,Finca Salazar Sauvignon Blanc,vin_type_whites,wine,750ml,"		$9.99/ea($13.32/l)",9.99,ea(,13.32/l),,
9755,Fish House Sauvignon Blanc,Fish House Sauvignon Blanc,vin_type_whites,wine,750ml,"		$11.99/ea($15.99/l)",11.99,ea(,15.99/l),,
9756,Folonari Pinot Grigio,Folonari Pinot Grigio,vin_type_whites,wine,750ml,"		$9.99/ea($13.32/l)",9.99,ea(,13.32/l),,
9757,Fournier Sauvignon Vin de Pays du Jardin de la France,Fournier Sauvignon Vin de Pays du Jardin de la France,vin_type_whites,wine,750ml," 	$12.49/ea $13.99Save 10%($16.65/l)",12.49,ea ,13.99Save 10%(16.65/l),16.65/l),
9758,Gazela Vinho Verde,Gazela Vinho Verde,vin_type_whites,wine,750ml,"		$6.99/ea($9.32/l)",6.99,ea(,9.32/l),,
9759,Girard Sauvignon Blanc,Girard Sauvignon Blanc,vin_type_whites,wine,750ml,"		$18.99/ea($25.32/l)",18.99,ea(,25.32/l),,
9760,Goose Bay Sauvignon Blanc,Goose Bay Sauvignon Blanc,vin_type_whites,wine,750ml,"		$19.99/ea($26.65/l)",19.99,ea(,26.65/l),,
9761,Grooner Grüner Veltliner,Grooner Grüner Veltliner,vin_type_whites,wine,750ml,"		$11.99/ea($15.99/l)",11.99,ea(,15.99/l),,
9763,Herzog Chateneuf Bordeaux Semi Dry White,Herzog Chateneuf Bordeaux Semi Dry White,vin_type_whites,wine,750ml,"		$14.99/ea($19.99/l)",14.99,ea(,19.99/l),,
9765,Hess Collection Napa Valley Chardonnay (Half-bottle),Hess Collection Napa Valley Chardonnay (Half-bottle),vin_type_whites,wine,375ml,"		$12.99/ea($34.64/l)",12.99,ea(,34.64/l),,
9766,Indaba Sauvignon Blanc,Indaba Sauvignon Blanc,vin_type_whites,wine,750ml,"		$8.99/ea($11.99/l)",8.99,ea(,11.99/l),,
9767,Iron Horse Unoaked Chardonnay,Iron Horse Unoaked Chardonnay,vin_type_whites,wine,750ml,"		$23.99/ea($31.99/l)",23.99,ea(,31.99/l),,
9768,Jam Jar Sweet White,Jam Jar Sweet White,vin_type_whites,wine,750ml,"		$8.99/ea($11.99/l)",8.99,ea(,11.99/l),,
9769,Joseph Drouhin Saint-Veran,Joseph Drouhin Saint-Veran,vin_type_whites,wine,750ml,"		$18.99/ea($25.32/l)",18.99,ea(,25.32/l),,
9770,Kim Crawford Marlborough Sauvignon Blanc ,Kim Crawford Marlborough Sauvignon Blanc ,vin_type_whites,wine,750ml," 	$13.99/ea $15.99Save 12%($18.65/l)",13.99,ea ,15.99Save 12%(18.65/l),18.65/l),
9771,Kris Pinot Grigio,Kris Pinot Grigio,vin_type_whites,wine,750ml,"		$12.99/ea($17.32/l)",12.99,ea(,17.32/l),,
9773,L'Escargot Sauvignon Blanc,L'Escargot Sauvignon Blanc,vin_type_whites,wine,750ml,"		$9.99/ea($13.32/l)",9.99,ea(,13.32/l),,
9774,La Foret des Dames Sancerre Reserve Vieilles Vignes,La Foret des Dames Sancerre Reserve Vieilles Vignes,vin_type_whites,wine,750ml,"		$18.99/ea($25.32/l)",18.99,ea(,25.32/l),,
9777,Louis Jadot Mâcon-Villages Chardonnay,Louis Jadot Mâcon-Villages Chardonnay,vin_type_whites,wine,750ml,"		$14.99/ea($19.99/l)",14.99,ea(,19.99/l),,
9778,Louis Jadot Pouilly Fuissé,Louis Jadot Pouilly Fuissé,vin_type_whites,wine,750ml,"		$27.99/ea($37.32/l)",27.99,ea(,37.32/l),,
9779,Maison L'Orée Meursault Les Luchets,Maison L'Orée Meursault Les Luchets,vin_type_whites,wine,750ml,"		$64.99/ea($86.65/l)",64.99,ea(,86.65/l),,
9780,Marnier-Lapostolle Chateau de Sancerre White,Marnier-Lapostolle Chateau de Sancerre White,vin_type_whites,wine,750ml,"		$24.99/ea($33.32/l)",24.99,ea(,33.32/l),,
9781,Maso Canali Pinot Grigio,Maso Canali Pinot Grigio,vin_type_whites,wine,750ml,"		$17.99/ea($23.99/l)",17.99,ea(,23.99/l),,
9782,Matua Marlborough Sauvignon Blanc,Matua Marlborough Sauvignon Blanc,vin_type_whites,wine,750ml,"		$13.99/ea($18.65/l)",13.99,ea(,18.65/l),,
9783,Mirassou Moscato,Mirassou Moscato,vin_type_whites,wine,750ml,"		$9.99/ea($13.32/l)",9.99,ea(,13.32/l),,
9784,Montes Sauvignon Blanc,Montes Sauvignon Blanc,vin_type_whites,wine,750ml,"		$15.99/ea($21.32/l)",15.99,ea(,21.32/l),,
9785,Morgan Sauvignon Blanc Monterey,Morgan Sauvignon Blanc Monterey,vin_type_whites,wine,750ml,"		$19.99/ea($26.65/l)",19.99,ea(,26.65/l),,
9786,Mount Nelson Sauvignon Blanc,Mount Nelson Sauvignon Blanc,vin_type_whites,wine,750ml," 	$17.99/ea $19.99Save 10%($23.99/l)",17.99,ea ,19.99Save 10%(23.99/l),23.99/l),
9787,"Olivier Leflaive Bourgogne Chardonnay ""Les Setilles""","Olivier Leflaive Bourgogne Chardonnay ""Les Setilles""",vin_type_whites,wine,750ml,"		$24.99/ea($33.32/l)",24.99,ea(,33.32/l),,
9788,Otto's Constant Dream Sauvignon Blanc,Otto's Constant Dream Sauvignon Blanc,vin_type_whites,wine,750ml,"		$12.99/ea($17.32/l)",12.99,ea(,17.32/l),,
9789,Pascal Jolivet Pouilly Fumé,Pascal Jolivet Pouilly Fumé,vin_type_whites,wine,750ml,"		$22.99/ea($30.65/l)",22.99,ea(,30.65/l),,
9791,Pighin Pinot Grigio D.O.C. Friuli Grave,Pighin Pinot Grigio D.O.C. Friuli Grave,vin_type_whites,wine,750ml,"		$14.99/ea($19.99/l)",14.99,ea(,19.99/l),,
9792,Pine Ridge Chenin Blanc + Viognier,Pine Ridge Chenin Blanc + Viognier,vin_type_whites,wine,750ml,"		$14.99/ea($19.99/l)",14.99,ea(,19.99/l),,
9793,Robert Mondavi Napa Fume Blanc,Robert Mondavi Napa Fume Blanc,vin_type_whites,wine,750ml,"		$14.99/ea($19.99/l)",14.99,ea(,19.99/l),,
9794,Saget La Petite Perriere Sauvignon Blanc ,Saget La Petite Perriere Sauvignon Blanc ,vin_type_whites,wine,750ml,"		$11.99/ea($15.99/l)",11.99,ea(,15.99/l),,
9795,San Quirico Vernaccia di San Gimignano DOCG,San Quirico Vernaccia di San Gimignano DOCG,vin_type_whites,wine,750ml,"		$13.99/ea($18.65/l)",13.99,ea(,18.65/l),,
9796,Santa Julia Organica Chardonnay,Santa Julia Organica Chardonnay,vin_type_whites,wine,750ml,"		$10.99/ea($14.65/l)",10.99,ea(,14.65/l),,
9797,Santa Margherita Pinot Grigio,Santa Margherita Pinot Grigio,vin_type_whites,wine,750ml,"		$27.99/ea($37.32/l)",27.99,ea(,37.32/l),,
9798,Santa Marina Pinot Grigio,Santa Marina Pinot Grigio,vin_type_whites,wine,750ml,"		$8.99/ea($11.99/l)",8.99,ea(,11.99/l),,
9799,Sautereau Sancerre (Half-bottle),Sautereau Sancerre (Half-bottle),vin_type_whites,wine,375ml,"		$12.99/ea($34.64/l)",12.99,ea(,34.64/l),,
9800,Sella & Mosca La Cala Vermentino di Sardegna,Sella & Mosca La Cala Vermentino di Sardegna,vin_type_whites,wine,750ml,"		$11.99/ea($15.99/l)",11.99,ea(,15.99/l),,
9802,Skouros Moschofilero,Skouros Moschofilero,vin_type_whites,wine,750ml,"		$14.99/ea($19.99/l)",14.99,ea(,19.99/l),,
9803,Sonoma Cutrer Sonoma Coast Chardonnay,Sonoma Cutrer Sonoma Coast Chardonnay,vin_type_whites,wine,750ml,"		$29.99/ea($39.99/l)",29.99,ea(,39.99/l),,
9804,Sonoma-Loeb Chardonnay Sonoma,Sonoma-Loeb Chardonnay Sonoma,vin_type_whites,wine,750ml,"		$19.99/ea($26.65/l)",19.99,ea(,26.65/l),,
9805,St. Francis Chardonnay,St. Francis Chardonnay,vin_type_whites,wine,750ml,"		$13.99/ea($18.65/l)",13.99,ea(,18.65/l),,
9806,St. Supery Sauvignon Blanc,St. Supery Sauvignon Blanc,vin_type_whites,wine,750ml,"		$17.99/ea($23.99/l)",17.99,ea(,23.99/l),,
9807,Steinschaden Grüner Veltliner,Steinschaden Grüner Veltliner,vin_type_whites,wine,1.5L (1500ml),"		$19.99/ea($13.33/l)",19.99,ea(,13.33/l),,
9808,Teal Lake Moscato d'Aussie,Teal Lake Moscato d'Aussie,vin_type_whites,wine,750ml,"		$9.99/ea($13.32/l)",9.99,ea(,13.32/l),,
9809,Thomas Schmitt Riesling QbA,Thomas Schmitt Riesling QbA,vin_type_whites,wine,750ml,"		$17.99/ea($23.99/l)",17.99,ea(,23.99/l),,
9810,Three Thieves Bandit Chardonnay,Three Thieves Bandit Chardonnay,vin_type_whites,wine,1000ml,"		$9.99/ea($9.99/l)",9.99,ea(,9.99/l),,
9811,Urban Mosel Riesling (Nik Weis Selection),Urban Mosel Riesling (Nik Weis Selection),vin_type_whites,wine,750ml,"		$11.99/ea($15.99/l)",11.99,ea(,15.99/l),,
9812,WHITE by W California White Wine,WHITE by W California White Wine,vin_type_whites,wine,750ml,"		$9.99/ea($13.32/l)",9.99,ea(,13.32/l),,
9813,Whitehaven Sauvignon Blanc,Whitehaven Sauvignon Blanc,vin_type_whites,wine,750ml,"		$19.99/ea($26.65/l)",19.99,ea(,26.65/l),,
9814,William Fevre Chablis Champs Royaux,William Fevre Chablis Champs Royaux,vin_type_whites,wine,750ml," 	$21.99/ea $24.99Save 12%($29.32/l)",21.99,ea ,24.99Save 12%(29.32/l),29.32/l),
9815,Zebo Moscato Sicilia IGT,Zebo Moscato Sicilia IGT,vin_type_whites,wine,750ml,"		$9.99/ea($13.32/l)",9.99,ea(,13.32/l),,
9816,Baron Herzog Sauvignon Blanc,Baron Herzog Sauvignon Blanc,vin_type_whites,wine,750ml,"		$0.00/null($0.00/l)",0,null(,0.00/l),,
9817,Chateau Les Maines Bordeaux Sauvignon Blanc Wineberry Box,Chateau Les Maines Bordeaux Sauvignon Blanc Wineberry Box,vin_type_whites,wine,3L (3000ml)," 	$0.00/null $34.99($0.00/l)",0,null ,34.99(0.00/l),0.00/l),
9818,Public House Sauvignon Blanc,Public House Sauvignon Blanc,vin_type_whites,wine,3L (3000ml),"		$0.00/null($0.00/l)",0,null(,0.00/l),,
9819,Breakstone's Reduced Fat Sour Cream 30% Less Fat,Breakstone's Reduced Fat Sour Cream 30% Less Fat,dai_sour,dairy,8oz,"		$1.79/ea($3.58/lb)",1.79,ea(,3.58/lb),,
9820,Breakstone's Sour Cream,Breakstone's Sour Cream,dai_sour,dairy,16oz,"		$3.19/ea($3.19/lb)",3.19,ea(,3.19/lb),,
9821,Breakstone's Sour Cream,Breakstone's Sour Cream,dai_sour,dairy,8oz,"		$1.79/ea($3.58/lb)",1.79,ea(,3.58/lb),,
9823,Breakstone's Fat Free Sour Cream,Breakstone's Fat Free Sour Cream,dai_sour,dairy,8oz,"		$1.79/ea($3.58/lb)",1.79,ea(,3.58/lb),,
9831,Applegate Farms Organic Hickory Smoked Uncured Turkey Bacon,Applegate Farms Organic Hickory Smoked Uncured Turkey Bacon,dai_packa,dairy,8oz,"		$6.79/ea($13.58/lb)",6.79,ea(,13.58/lb),,
9832,Coleman Natural Hickory Smoked Uncured Bacon,Coleman Natural Hickory Smoked Uncured Bacon,dai_packa,dairy,12oz,"		$6.49/ea($8.65/lb)",6.49,ea(,8.65/lb),,
9833,Oscar Mayer Bacon,Oscar Mayer Bacon,dai_packa,dairy,1lb,"		$6.59/ea($6.59/lb)",6.59,ea(,6.59/lb),,
9835,Oscar Mayer Ready Fully Cooked Bacon,Oscar Mayer Ready Fully Cooked Bacon,dai_packa,dairy,2.52oz,"		$4.79/ea($29.94/lb)",4.79,ea(,29.94/lb),,
9836,Oscar Mayer Sliced Bacon,Oscar Mayer Sliced Bacon,dai_packa,dairy,8oz,"		$4.19/ea($8.38/lb)",4.19,ea(,8.38/lb),,
9837,Oscar Mayer Turkey Bacon,Oscar Mayer Turkey Bacon,dai_packa,dairy,12oz,"		$3.79/ea($5.05/lb)",3.79,ea(,5.05/lb),,
9840,"Boar's Head Naturally Smoked Bacon, Thick Cut","Boar's Head Naturally Smoked Bacon, Thick Cut",dai_packa,dairy,12oz,"		$6.99/ea($9.32/lb)",6.99,ea(,9.32/lb),,
9841,D'Artagnan Uncured Applewood Smoked Bacon,D'Artagnan Uncured Applewood Smoked Bacon,dai_packa,dairy,12oz,"		$8.99/ea($11.99/lb)",8.99,ea(,11.99/lb),,
9843,Godshall's Maple Turkey Bacon,Godshall's Maple Turkey Bacon,dai_packa,dairy,12oz,"		$4.69/ea($6.25/lb)",4.69,ea(,6.25/lb),,
9844,Godshall's Turkey Bacon,Godshall's Turkey Bacon,dai_packa,dairy,12oz,"		$4.69/ea($6.25/lb)",4.69,ea(,6.25/lb),,
9847,Berkwood Farms Applewood Smoked Uncured Berkshire Bacon,Berkwood Farms Applewood Smoked Uncured Berkshire Bacon,dai_packa,dairy,12oz,"		$9.99/ea",9.99,ea,,,
9849,"Beretta Pancetta, Pre-Sliced","Beretta Pancetta, Pre-Sliced",dai_packa,dairy,4oz,"		$5.99/ea($23.96/lb)",5.99,ea(,23.96/lb),,
9850,Boar's Head Canadian Bacon,Boar's Head Canadian Bacon,dai_packa,dairy,8oz,"		$7.49/ea($14.98/lb)",7.49,ea(,14.98/lb),,
9851,Schaller & Weber Double Smoked Bacon Slab,Schaller & Weber Double Smoked Bacon Slab,dai_packa,dairy,NA,"		$15.99/lb",15.99,lb,,,
9880,Hebrew National Beef Franks,Hebrew National Beef Franks,dai_packa,dairy,12oz,"		$5.99/ea($7.99/lb)",5.99,ea(,7.99/lb),,
9881,Hebrew National 97% Fat Free Beef Franks,Hebrew National 97% Fat Free Beef Franks,dai_packa,dairy,11oz,"		$5.99/ea($8.68/lb)",5.99,ea(,8.68/lb),,
9882,Hebrew National Beef Franks in a Blanket,Hebrew National Beef Franks in a Blanket,dai_packa,dairy,32pc (18.4oz),"		$15.99/ea($13.90/lb)",15.99,ea(,13.90/lb),,
9883,Nathan's Skinless Beef Franks,Nathan's Skinless Beef Franks,dai_packa,dairy,8pc (14oz),"		$5.49/ea($6.24/lb)",5.49,ea(,6.24/lb),,
9886,Boar's Head Skinless Beef Frankfurters,Boar's Head Skinless Beef Frankfurters,dai_packa,dairy,"8ct, 12.5oz","		$6.99/ea($11.65/lb)",6.99,ea(,11.65/lb),,
9887,Nathan's Bigger Than The Bun Beef Franks,Nathan's Bigger Than The Bun Beef Franks,dai_packa,dairy,14oz,"		$5.49/ea($6.24/lb)",5.49,ea(,6.24/lb),,
9888,The Brooklyn Hot Dog Co.  Smoked & Uncured Beef & Pork Dog,The Brooklyn Hot Dog Co.  Smoked & Uncured Beef & Pork Dog,dai_packa,dairy,13oz,"		$9.99/ea($12.33/lb)",9.99,ea(,12.33/lb),,
9893,"Empire Kosher Turkey Franks, Fully Cooked","Empire Kosher Turkey Franks, Fully Cooked",dai_packa,dairy,16oz,"		$2.99/ea($2.99/lb)",2.99,ea(,2.99/lb),,
9924,D'Artagnan Chorizo Sausage,D'Artagnan Chorizo Sausage,dai_packa,dairy,1lb,"		$10.99/lb",10.99,lb,,,
9928,Schaller & Weber Bratwurst,Schaller & Weber Bratwurst,dai_packa,dairy,12oz,"		$6.29/ea($8.39/lb)",6.29,ea(,8.39/lb),,
9935,Schaller & Weber Cheddar Brats,Schaller & Weber Cheddar Brats,dai_packa,dairy,12oz,"		$6.49/ea($8.65/lb)",6.49,ea(,8.65/lb),,
9936,Schaller & Weber Chicken Bratwurst,Schaller & Weber Chicken Bratwurst,dai_packa,dairy,12oz,"		$6.49/ea($8.65/lb)",6.49,ea(,8.65/lb),,
9939,Arm & Hammer Baking Soda,Arm & Hammer Baking Soda,gro_bakin,pantry,16oz,"		$0.99/ea($0.99/lb)",0.99,ea(,0.99/lb),,
9940,Nestlé Toll House Semi-Sweet Chocolate Morsels,Nestlé Toll House Semi-Sweet Chocolate Morsels,gro_bakin,pantry,12oz,"		$3.19/ea($4.25/lb)",3.19,ea(,4.25/lb),,
9942,Guittard Semi-Sweet Chocolate Chips,Guittard Semi-Sweet Chocolate Chips,gro_bakin,pantry,12oz,"		$4.19/ea($5.59/lb)",4.19,ea(,5.59/lb),,
9943,Jet Puff Mini Marshmallows,Jet Puff Mini Marshmallows,gro_bakin,pantry,10oz,"		$1.99/ea($3.16/lb)",1.99,ea(,3.16/lb),,
9944,Just FreshDirect Unbleached All-Purpose Flour,Just FreshDirect Unbleached All-Purpose Flour,gro_bakin,pantry,5lb,"		$3.49/ea($0.70/lb)",3.49,ea(,0.70/lb),,
9945,King Arthur Unbleached All-Purpose Flour,King Arthur Unbleached All-Purpose Flour,gro_bakin,pantry,5lb,"		$5.29/ea($1.06/lb)",5.29,ea(,1.06/lb),,
9949,Argo Corn Starch,Argo Corn Starch,gro_bakin,pantry,16oz,"		$1.89/ea($1.89/lb)",1.89,ea(,1.89/lb),,
9950,Arrowhead Mills Organic Enriched Unbleached Flour,Arrowhead Mills Organic Enriched Unbleached Flour,gro_bakin,pantry,2lb,"		$3.29/ea($1.64/lb)",3.29,ea(,1.64/lb),,
9951,Arrowhead Mills Organic Unbleached White Flour,Arrowhead Mills Organic Unbleached White Flour,gro_bakin,pantry,5lb,"		$4.49/ea($0.90/lb)",4.49,ea(,0.90/lb),,
9959,Davis Double Acting Baking Powder,Davis Double Acting Baking Powder,gro_bakin,pantry,10oz,"		$2.89/ea($4.59/lb)",2.89,ea(,4.59/lb),,
9961,Fleischmann's Active Dry Yeast,Fleischmann's Active Dry Yeast,gro_bakin,pantry,3pk (.75oz),"		$2.99/ea",2.99,ea,,,
9962,Jet Puff Marshmallows,Jet Puff Marshmallows,gro_bakin,pantry,10oz,"		$1.99/ea($3.16/lb)",1.99,ea(,3.16/lb),,
9963,Jiffy Corn Muffin Mix,Jiffy Corn Muffin Mix,gro_bakin,pantry,8.5oz,"		$0.69/ea($1.30/lb)",0.69,ea(,1.30/lb),,
9964,Kraft Cool Whip Free,Kraft Cool Whip Free,gro_bakin,pantry,8oz,"		$2.49/ea($4.98/lb)",2.49,ea(,4.98/lb),,
9965,Nielsen-Massey Madagascar Bourbon Vanilla Extract,Nielsen-Massey Madagascar Bourbon Vanilla Extract,gro_bakin,pantry,4oz,"		$8.99/ea($35.96/lb)",8.99,ea(,35.96/lb),,
9966,Spice Select Pure Vanilla Extract,Spice Select Pure Vanilla Extract,gro_bakin,pantry,2oz,"		$3.49/ea($26.85/lb)",3.49,ea(,26.85/lb),,
9967,USA Foil 10-Pack Half-Size Aluminum Steamer/Roaster Pan,USA Foil 10-Pack Half-Size Aluminum Steamer/Roaster Pan,gro_bakin,pantry,"12.5""x10""x3""","		$3.69/ea($0.37/ct)",3.69,ea(,0.37/ct),,
9970,"Arrowhead Mills Whole Wheat Flour, Stone Ground","Arrowhead Mills Whole Wheat Flour, Stone Ground",gro_bakin,pantry,2lb,"		$3.29/ea($1.64/lb)",3.29,ea(,1.64/lb),,
9972,Baker's Angel Coconut,Baker's Angel Coconut,gro_bakin,pantry,14oz,"		$3.39/ea($3.85/lb)",3.39,ea(,3.85/lb),,
9973,Baker's Unsweetened Baking Chocolate Squares,Baker's Unsweetened Baking Chocolate Squares,gro_bakin,pantry,4oz,"		$3.59/ea($14.36/lb)",3.59,ea(,14.36/lb),,
9974,Betty Crocker Bisquick Original Pancake & Baking Mix,Betty Crocker Bisquick Original Pancake & Baking Mix,gro_bakin,pantry,60oz,"		$6.99/ea($1.86/lb)",6.99,ea(,1.86/lb),,
9975,Betty Crocker Chocolate Chip Cookie Mix,Betty Crocker Chocolate Chip Cookie Mix,gro_bakin,pantry,17.5oz,"		$2.79/ea($2.56/lb)",2.79,ea(,2.56/lb),,
9976,Betty Crocker Original Supreme Premium Brownie Mix with Hershey's,Betty Crocker Original Supreme Premium Brownie Mix with Hershey's,gro_bakin,pantry,18.4oz,"		$2.69/ea($2.34/lb)",2.69,ea(,2.34/lb),,
9977,Betty Crocker Parlor Perfect Confetti Sprinkles,Betty Crocker Parlor Perfect Confetti Sprinkles,gro_bakin,pantry,9oz,"		$3.49/ea($6.23/lb)",3.49,ea(,6.23/lb),,
9978,Betty Crocker Rich & Creamy Chocolate Frosting,Betty Crocker Rich & Creamy Chocolate Frosting,gro_bakin,pantry,16oz,"		$2.59/ea($2.59/lb)",2.59,ea(,2.59/lb),,
9979,Betty Crocker Rich & Creamy Vanilla Frosting,Betty Crocker Rich & Creamy Vanilla Frosting,gro_bakin,pantry,16oz,"		$2.59/ea($2.59/lb)",2.59,ea(,2.59/lb),,
9980,Betty Crocker SuperMoist Butter Recipe Yellow Cake Mix,Betty Crocker SuperMoist Butter Recipe Yellow Cake Mix,gro_bakin,pantry,15.25oz,"		$2.49/ea($2.62/lb)",2.49,ea(,2.62/lb),,
9981,Betty Crocker SuperMoist Devil's Food Cake Mix,Betty Crocker SuperMoist Devil's Food Cake Mix,gro_bakin,pantry,15.25oz,"		$2.49/ea",2.49,ea,,,
9982,Betty Crocker SuperMoist Yellow Cake Mix,Betty Crocker SuperMoist Yellow Cake Mix,gro_bakin,pantry,15.25oz,"		$2.49/ea($2.62/lb)",2.49,ea(,2.62/lb),,
9985,Bob's Red Mill Unsweetened Medium Shredded Coconut,Bob's Red Mill Unsweetened Medium Shredded Coconut,gro_bakin,pantry,12oz,"		$4.99/ea($6.65/lb)",4.99,ea(,6.65/lb),,
9988,Crisco All-Vegetable Shortening,Crisco All-Vegetable Shortening,gro_bakin,pantry,16oz,"		$3.29/ea($3.29/pt)",3.29,ea(,3.29/pt),,
9990,Duncan Hines Chocolate Lover's Double Fudge Brownie Mix,Duncan Hines Chocolate Lover's Double Fudge Brownie Mix,gro_bakin,pantry,17.6oz,"		$2.99/ea($2.72/lb)",2.99,ea(,2.72/lb),,
9993,Duncan Hines Moist Deluxe Devil's Food Cake Mix,Duncan Hines Moist Deluxe Devil's Food Cake Mix,gro_bakin,pantry,16.5oz,"		$2.19/ea($2.13/lb)",2.19,ea(,2.13/lb),,
9994,Duncan Hines Premium Chewy Fudge Brownie Mix,Duncan Hines Premium Chewy Fudge Brownie Mix,gro_bakin,pantry,18.3oz,"		$2.19/ea($1.92/lb)",2.19,ea(,1.92/lb),,
9995,E. Guittard Cocoa Rouge (Red Dutch Process) Cocoa Powder,E. Guittard Cocoa Rouge (Red Dutch Process) Cocoa Powder,gro_bakin,pantry,8oz,"		$7.49/ea($14.98/lb)",7.49,ea(,14.98/lb),,
10000,Guittard Choc-Au-Lait White Chocolate Chips,Guittard Choc-Au-Lait White Chocolate Chips,gro_bakin,pantry,12oz,"		$4.19/ea($5.59/lb)",4.19,ea(,5.59/lb),,
10001,Guittard Real Milk Chocolate Chips,Guittard Real Milk Chocolate Chips,gro_bakin,pantry,11.5oz,"		$4.19/ea($5.82/lb)",4.19,ea(,5.82/lb),,
10002,Hershey's Baking Cocoa,Hershey's Baking Cocoa,gro_bakin,pantry,8oz,"		$3.69/ea($7.38/lb)",3.69,ea(,7.38/lb),,
10003,Indian Head Yellow Corn Meal,Indian Head Yellow Corn Meal,gro_bakin,pantry,32oz,"		$1.89/ea($0.94/lb)",1.89,ea(,0.94/lb),,
10004,"Jell-O Instant Pudding and Pie Filling, Vanilla","Jell-O Instant Pudding and Pie Filling, Vanilla",gro_bakin,pantry,3.4oz,"		$1.19/ea($5.67/lb)",1.19,ea(,5.67/lb),,
10005,"Jell-O Instant Pudding Sugar-Free, Fat-Free Chocolate","Jell-O Instant Pudding Sugar-Free, Fat-Free Chocolate",gro_bakin,pantry,1.4oz,"		$1.19/ea($13.22/lb)",1.19,ea(,13.22/lb),,
10006,Keebler Sugar Cones,Keebler Sugar Cones,gro_bakin,pantry,12ct,"		$2.99/ea($0.25/ct)",2.99,ea(,0.25/ct),,
10007,King Arthur Unbleached Bread Flour,King Arthur Unbleached Bread Flour,gro_bakin,pantry,5lb,"		$5.29/ea($1.06/lb)",5.29,ea(,1.06/lb),,
10008,King Arthur Whole Wheat Flour,King Arthur Whole Wheat Flour,gro_bakin,pantry,5lb,"		$5.29/ea($1.06/lb)",5.29,ea(,1.06/lb),,
10009,Knox Original Gelatine Unflavored,Knox Original Gelatine Unflavored,gro_bakin,pantry,1oz,"		$1.99/ea",1.99,ea,,,
10014,McCormick Assorted Food Color,McCormick Assorted Food Color,gro_bakin,pantry,1 fl. oz.,"		$5.29/ea",5.29,ea,,,
10015,Nestlé Toll House Milk Chocolate Morsels,Nestlé Toll House Milk Chocolate Morsels,gro_bakin,pantry,11.5oz,"		$3.19/ea($4.43/lb)",3.19,ea(,4.43/lb),,
10016,Nielsen-Massey Madagascar Bourbon Vanilla Beans,Nielsen-Massey Madagascar Bourbon Vanilla Beans,gro_bakin,pantry,2 beans,"		$8.99/ea($4.50/ct)",8.99,ea(,4.50/ct),,
10017,Pillsbury Best All Purpose Flour,Pillsbury Best All Purpose Flour,gro_bakin,pantry,5lb,"		$3.59/ea($0.72/lb)",3.59,ea(,0.72/lb),,
10018,Reynolds Foil Baking Cups (2.5 in),Reynolds Foil Baking Cups (2.5 in),gro_bakin,pantry,32ct,"		$1.59/ea($0.05/ct)",1.59,ea(,0.05/ct),,
10019,Arrowhead Mills Whole Grain Pastry Flour,Arrowhead Mills Whole Grain Pastry Flour,gro_bakin,pantry,2lb,"		$3.29/ea($1.64/lb)",3.29,ea(,1.64/lb),,
10020,"Betty Crocker Fudge Brownie Mix, Family Size","Betty Crocker Fudge Brownie Mix, Family Size",gro_bakin,pantry,18.3oz,"		$2.69/ea($2.36/lb)",2.69,ea(,2.36/lb),,
10021,Betty Crocker Happy Birthday Candles,Betty Crocker Happy Birthday Candles,gro_bakin,pantry,"13 letters/candles, assorted colors","		$2.69/ea($2.69/ct)",2.69,ea(,2.69/ct),,
10022,Betty Crocker Parlor Perfect Chocolate Sprinkles,Betty Crocker Parlor Perfect Chocolate Sprinkles,gro_bakin,pantry,9.3oz,"		$3.49/ea($6.02/lb)",3.49,ea(,6.02/lb),,
10024,"Bob's Red Mill Coconut Flakes, Unsweetened","Bob's Red Mill Coconut Flakes, Unsweetened",gro_bakin,pantry,12oz,"		$4.49/ea($5.99/lb)",4.49,ea(,5.99/lb),,
10030,Duncan Hines Moist Deluxe French Vanilla Cake Mix,Duncan Hines Moist Deluxe French Vanilla Cake Mix,gro_bakin,pantry,18.25oz,"		$2.19/ea($1.92/lb)",2.19,ea(,1.92/lb),,
10031,Duncan Hines Premium Dark Chocolate Brownie  Mix,Duncan Hines Premium Dark Chocolate Brownie  Mix,gro_bakin,pantry,19.9oz,"		$2.29/ea($1.85/lb)",2.29,ea(,1.85/lb),,
10034,Gold Medal Whole Wheat Pre-Sifted Flour,Gold Medal Whole Wheat Pre-Sifted Flour,gro_bakin,pantry,5lb,"		$4.29/ea($0.86/lb)",4.29,ea(,0.86/lb),,
10036,If You Care 100% Unbleached Large Baking Cups (2.5 in),If You Care 100% Unbleached Large Baking Cups (2.5 in),gro_bakin,pantry,60ct,"		$1.79/ea($0.03/ct)",1.79,ea(,0.03/ct),,
10037,Jell-O Gelatin Sugar-Free Raspberry,Jell-O Gelatin Sugar-Free Raspberry,gro_bakin,pantry,3oz,"		$0.99/ea",0.99,ea,,,
10038,Jell-O Gelatin Sugar-Free Strawberry,Jell-O Gelatin Sugar-Free Strawberry,gro_bakin,pantry,3oz,"		$0.99/ea",0.99,ea,,,
10039,"Jell-O Instant Pudding and Pie Filling, Chocolate","Jell-O Instant Pudding and Pie Filling, Chocolate",gro_bakin,pantry,3.9oz,"		$1.19/ea($4.96/lb)",1.19,ea(,4.96/lb),,
10040,"Jell-O Instant Pudding Sugar-Free, Fat-Free Vanilla","Jell-O Instant Pudding Sugar-Free, Fat-Free Vanilla",gro_bakin,pantry,1.02oz,"		$1.19/ea($19.83/lb)",1.19,ea(,19.83/lb),,
10041,Just FreshDirect Cream of Tartar,Just FreshDirect Cream of Tartar,gro_bakin,pantry,3oz,"		$4.69/ea($24.68/lb)",4.69,ea(,24.68/lb),,
10043,Nielsen-Massey Pure Almond Extract,Nielsen-Massey Pure Almond Extract,gro_bakin,pantry,4oz,"		$8.99/ea($35.96/lb)",8.99,ea(,35.96/lb),,
10044,Nielsen-Massey Pure Lemon Extract,Nielsen-Massey Pure Lemon Extract,gro_bakin,pantry,2oz,"		$4.99/ea($38.38/lb)",4.99,ea(,38.38/lb),,
10045,Nielsen-Massey Pure Orange Extract,Nielsen-Massey Pure Orange Extract,gro_bakin,pantry,2oz,"		$4.99/ea($38.38/lb)",4.99,ea(,38.38/lb),,
10046,Pillsbury Moist Supreme Funfetti Premium Cake Mix,Pillsbury Moist Supreme Funfetti Premium Cake Mix,gro_bakin,pantry,15.25oz,"		$2.99/ea($3.15/lb)",2.99,ea(,3.15/lb),,
10047,Smucker's Hot Fudge Topping,Smucker's Hot Fudge Topping,gro_bakin,pantry,11.75oz,"		$3.99/ea($5.47/pt)",3.99,ea(,5.47/pt),,
10048,Smucker's Magic Shell Chocolate Fudge Flavored Topping,Smucker's Magic Shell Chocolate Fudge Flavored Topping,gro_bakin,pantry,7.25oz,"		$3.99/ea($8.87/pt)",3.99,ea(,8.87/pt),,
10049,"Smucker's Sundae Syrup, Caramel Flavored Syrup","Smucker's Sundae Syrup, Caramel Flavored Syrup",gro_bakin,pantry,20oz,"		$2.99/ea($2.39/pt)",2.99,ea(,2.39/pt),,
10050,Smucker's Walnuts In Syrup Topping,Smucker's Walnuts In Syrup Topping,gro_bakin,pantry,5oz,"		$3.99/ea($12.87/lb)",3.99,ea(,12.87/lb),,
10051,Spice Supreme Imitation Vanilla Extract,Spice Supreme Imitation Vanilla Extract,gro_bakin,pantry,8oz,"		$1.39/ea($2.78/lb)",1.39,ea(,2.78/lb),,
10052,USA Foil 5lb Loaf Pan,USA Foil 5lb Loaf Pan,gro_bakin,pantry,"3ct, 12""x8.5""x3.5""","		$2.69/ea($0.90/ct)",2.69,ea(,0.90/ct),,
10053,USA Foil Square Cake Pans with Lids,USA Foil Square Cake Pans with Lids,gro_bakin,pantry,"8""x8""x1.75""","		$2.99/ea($1.00/ct)",2.99,ea(,1.00/ct),,
10054,Hershey's Semi-Sweet Chocolate Chips,Hershey's Semi-Sweet Chocolate Chips,gro_bakin,pantry,12oz,"		$3.49/ea($4.65/lb)",3.49,ea(,4.65/lb),,
10055,Hershey's Sugar Free Chocolate Chips,Hershey's Sugar Free Chocolate Chips,gro_bakin,pantry,9oz,"		$4.49/ea($7.98/lb)",4.49,ea(,7.98/lb),,
10056,Reese's Peanut Butter Chips,Reese's Peanut Butter Chips,gro_bakin,pantry,10oz,"		$3.49/ea($5.58/lb)",3.49,ea(,5.58/lb),,
10057,Gold Medal All Purpose Enriched Bleached Pre-Sifted Flour,Gold Medal All Purpose Enriched Bleached Pre-Sifted Flour,gro_bakin,pantry,2lb,"		$0.00/null($0.00/lb)",0,null(,0.00/lb),,
10058,Hershey's Chocolate Syrup,Hershey's Chocolate Syrup,gro_bakin,pantry,24oz,"		$0.00/null($0.00/pt)",0,null(,0.00/pt),,
10061,Duncan Hines Moist Deluxe Yellow Cake Mix,Duncan Hines Moist Deluxe Yellow Cake Mix,gro_bakin,pantry,16.5oz,"		$0.00/null($0.00/lb)",0,null(,0.00/lb),,
10062,Pillsbury Softasilk Cake Flour,Pillsbury Softasilk Cake Flour,gro_bakin,pantry,32oz,"		$0.00/null($0.00/lb)",0,null(,0.00/lb),,
10063,Scharffen Berger Unsweetened Cocoa Powder Tin,Scharffen Berger Unsweetened Cocoa Powder Tin,gro_bakin,pantry,6oz,"		$0.00/null($0.00/lb)",0,null(,0.00/lb),,
10064,Jell-O Gelatin Sugar-Free Cherry,Jell-O Gelatin Sugar-Free Cherry,gro_bakin,pantry,3oz,"		$0.00/null",0,null,,,
10068,Jersey Fresh Cilantro,Jersey Fresh Cilantro,hrb,vegetables,bunch,"		$1.99/ea",1.99,ea,,,
10069,Rosemary,Rosemary,hrb,vegetables,NA,"		$1.99/ea",1.99,ea,,,
10071,Gotham Greens Local Basil,Gotham Greens Local Basil,hrb,vegetables,1oz,"		$4.49/eaSave! 2 for $6.50",4.49,eaSave! 2 for ,6.5,,
10072,Jersey Fresh Mint,Jersey Fresh Mint,hrb,vegetables,bunch,"		$1.99/ea",1.99,ea,,,
10078,Single Serve Herbs Basil,Single Serve Herbs Basil,hrb,vegetables,0.25oz,"		$0.99/ea",0.99,ea,,,
10079,Single Serve Herbs Thyme,Single Serve Herbs Thyme,hrb,vegetables,0.25oz,"		$0.99/ea",0.99,ea,,,
10082,Single Serve Herbs Chives,Single Serve Herbs Chives,hrb,vegetables,0.25oz,"		$0.99/ea",0.99,ea,,,
10083,Single Serve Herbs Cilantro,Single Serve Herbs Cilantro,hrb,vegetables,0.25oz,"		$0.99/ea",0.99,ea,,,
10084,Single Serve Herbs Italian Parsley,Single Serve Herbs Italian Parsley,hrb,vegetables,0.25oz,"		$0.99/ea",0.99,ea,,,
10085,Single Serve Herbs Rosemary,Single Serve Herbs Rosemary,hrb,vegetables,0.25oz,"		$0.99/ea",0.99,ea,,,
10087,Jersey Fresh Dill,Jersey Fresh Dill,hrb,vegetables,bunch,"		$1.99/ea",1.99,ea,,,
10088,Lemongrass,Lemongrass,hrb,vegetables,NA,"		$2.99/ea",2.99,ea,,,
10093,Tarragon,Tarragon,hrb,vegetables,NA,"		$1.99/ea",1.99,ea,,,
10094,Single Serve Herbs Tarragon,Single Serve Herbs Tarragon,hrb,vegetables,0.25oz,"		$0.99/ea",0.99,ea,,,
10098,Satur Farms Fragrant Herb Trio,Satur Farms Fragrant Herb Trio,hrb,vegetables,2oz,"		$3.49/eaSave! 2 for $6.00",3.49,eaSave! 2 for ,6,,
10099,Single Serve Herbs Sage,Single Serve Herbs Sage,hrb,vegetables,0.25oz,"		$0.99/ea",0.99,ea,,,
10103,Single Serve Herbs Oregano,Single Serve Herbs Oregano,hrb,vegetables,0.25oz,"		$0.99/ea",0.99,ea,,,
10104,Jersey Fresh Parsley,Jersey Fresh Parsley,hrb,vegetables,bunch,"		$2.49/ea",2.49,ea,,,
10105,Makrut Lime Leaves,Makrut Lime Leaves,hrb,vegetables,1.3oz,"		$2.49/ea",2.49,ea,,,
10106,Single Serve Herbs Chervil,Single Serve Herbs Chervil,hrb,vegetables,0.25oz,"		$0.99/ea",0.99,ea,,,
10107,Single Serve Herbs Marjoram,Single Serve Herbs Marjoram,hrb,vegetables,0.25oz,"		$0.99/ea",0.99,ea,,,
10116,"Beef & Three Cheese Lasagna, Family Size","Beef & Three Cheese Lasagna, Family Size",pas_entrees,pasta,2.8lbs,"		$18.99/eaabout $6.78/lb",18.99,eaabout ,6.78/lb,,
10122,"Turkey & Three Cheese Lasagna, Family Size","Turkey & Three Cheese Lasagna, Family Size",pas_entrees,pasta,2.8lbs,"		$16.99/ea",16.99,ea,,,
10124,"Vegetarian Spinach & Mushroom Lasagna, Family Size","Vegetarian Spinach & Mushroom Lasagna, Family Size",pas_entrees,pasta,2.7lb,"		$18.99/eaabout $6.33/lb",18.99,eaabout ,6.33/lb,,
10134,1792 Ridgemont Reserve Bourbon FreshDirect Single Barrel Selection,1792 Ridgemont Reserve Bourbon FreshDirect Single Barrel Selection,vin_spirits_whiskey,wine,750ml,"		$37.99/ea($50.65/l)",37.99,ea(,50.65/l),,
10135,Basil Hayden's Bourbon,Basil Hayden's Bourbon,vin_spirits_whiskey,wine,750ml,"		$45.99/ea($61.32/l)",45.99,ea(,61.32/l),,
10136,Buffalo Trace Bourbon Whiskey,Buffalo Trace Bourbon Whiskey,vin_spirits_whiskey,wine,750ml,"		$37.99/ea($50.65/l)",37.99,ea(,50.65/l),,
10137,Bulleit Bourbon Whiskey,Bulleit Bourbon Whiskey,vin_spirits_whiskey,wine,750ml,"		$39.99/ea($53.32/l)",39.99,ea(,53.32/l),,
10138,Dolin Vermouth de Chambery Rouge,Dolin Vermouth de Chambery Rouge,vin_spirits_whiskey,wine,375ml,"		$9.99/ea($13.32/l)",9.99,ea(,13.32/l),,
10139,Cyrus Noble Small Batch Bourbon,Cyrus Noble Small Batch Bourbon,vin_spirits_whiskey,wine,750ml,"		$36.99/ea($49.32/l)",36.99,ea(,49.32/l),,
10140,Elijah Craig Small Batch 12 Yr. Bourbon,Elijah Craig Small Batch 12 Yr. Bourbon,vin_spirits_whiskey,wine,750ml,"		$29.99/ea($39.99/l)",29.99,ea(,39.99/l),,
10142,Hudson Baby Bourbon Whiskey,Hudson Baby Bourbon Whiskey,vin_spirits_whiskey,wine,375ml,"		$44.99/ea($119.97/l)",44.99,ea(,119.97/l),,
10143,Jack Daniel's Gentleman Jack Tennessee Whiskey,Jack Daniel's Gentleman Jack Tennessee Whiskey,vin_spirits_whiskey,wine,1L (1000ml),"		$45.99/ea($45.99/l)",45.99,ea(,45.99/l),,
10144,Jack Daniel's Old No. 7 Tennessee Whiskey,Jack Daniel's Old No. 7 Tennessee Whiskey,vin_spirits_whiskey,wine,750ml,"		$31.99/ea($42.65/l)",31.99,ea(,42.65/l),,
10145,Jack Daniel's Old No. 7 Tennessee Whiskey,Jack Daniel's Old No. 7 Tennessee Whiskey,vin_spirits_whiskey,wine,1.75L (1750ml),"		$59.99/ea($34.28/l)",59.99,ea(,34.28/l),,
10146,Jack Daniel's Tennessee Honey Whiskey,Jack Daniel's Tennessee Honey Whiskey,vin_spirits_whiskey,wine,1L (1000ml),"		$39.99/ea($39.99/l)",39.99,ea(,39.99/l),,
10148,Jim Beam Bourbon,Jim Beam Bourbon,vin_spirits_whiskey,wine,750ml,"		$21.99/ea($29.32/l)",21.99,ea(,29.32/l),,
10149,Knob Creek Bourbon Whiskey,Knob Creek Bourbon Whiskey,vin_spirits_whiskey,wine,750ml,"		$39.99/ea($53.32/l)",39.99,ea(,53.32/l),,
10150,Maker's Mark Bourbon Whisky,Maker's Mark Bourbon Whisky,vin_spirits_whiskey,wine,750ml,"		$37.99/ea($50.65/l)",37.99,ea(,50.65/l),,
10151,Maker's Mark Bourbon Whisky,Maker's Mark Bourbon Whisky,vin_spirits_whiskey,wine,1.75L (1750ml),"		$59.99/ea($34.28/l)",59.99,ea(,34.28/l),,
10152,McAfee's Benchmark Old No. 8 Brand Bourbon,McAfee's Benchmark Old No. 8 Brand Bourbon,vin_spirits_whiskey,wine,750ml,"		$11.99/ea($15.99/l)",11.99,ea(,15.99/l),,
10153,Michter's US1 Small Batch Bourbon Whiskey,Michter's US1 Small Batch Bourbon Whiskey,vin_spirits_whiskey,wine,750ml,"		$43.99/ea($58.65/l)",43.99,ea(,58.65/l),,
10154,Old Forester Bourbon Whisky,Old Forester Bourbon Whisky,vin_spirits_whiskey,wine,750ml,"		$27.99/ea($37.32/l)",27.99,ea(,37.32/l),,
10155,Wild Turkey 101 Bourbon,Wild Turkey 101 Bourbon,vin_spirits_whiskey,wine,750ml,"		$24.99/ea($33.32/l)",24.99,ea(,33.32/l),,
10156,Woodford Reserve Distiller's Select Bourbon Whiskey,Woodford Reserve Distiller's Select Bourbon Whiskey,vin_spirits_whiskey,wine,750ml,"		$39.99/ea($53.32/l)",39.99,ea(,53.32/l),,
10157,Bulleit Bourbon Whiskey,Bulleit Bourbon Whiskey,vin_spirits_whiskey,wine,1L (1000ml),"		$0.00/null($0.00/l)",0,null(,0.00/l),,
10162,Michter's US1 Single Barrel Straight Rye Whiskey,Michter's US1 Single Barrel Straight Rye Whiskey,vin_spirits_whiskey,wine,750ml,"		$43.99/ea($58.65/l)",43.99,ea(,58.65/l),,
10163,Old Overholt Straight Rye Whiskey,Old Overholt Straight Rye Whiskey,vin_spirits_whiskey,wine,750ml,"		$19.99/ea($26.65/l)",19.99,ea(,26.65/l),,
10165,Rittenhouse Straight Rye Whisky 100° Bottled in Bond,Rittenhouse Straight Rye Whisky 100° Bottled in Bond,vin_spirits_whiskey,wine,750ml,"		$27.99/ea($37.32/l)",27.99,ea(,37.32/l),,
10167,Balvenie 12 Year Doublewood Single Malt Scotch Whisky,Balvenie 12 Year Doublewood Single Malt Scotch Whisky,vin_spirits_whiskey,wine,750ml,"		$62.99/ea",62.99,ea,,,
10168,Chivas Regal 12 Year Old Blended Scotch Whiskey,Chivas Regal 12 Year Old Blended Scotch Whiskey,vin_spirits_whiskey,wine,750ml,"		$44.99/ea($59.99/l)",44.99,ea(,59.99/l),,
10169,Clan MacGregor Scotch Whisky,Clan MacGregor Scotch Whisky,vin_spirits_whiskey,wine,1L (1000ml),"		$17.99/ea($17.99/l)",17.99,ea(,17.99/l),,
10170,Dewar's White Label Scotch Whisky,Dewar's White Label Scotch Whisky,vin_spirits_whiskey,wine,750ml,"		$29.99/ea($39.99/l)",29.99,ea(,39.99/l),,
10171,Glenfiddich 12 Year Single Malt Scotch Whisky,Glenfiddich 12 Year Single Malt Scotch Whisky,vin_spirits_whiskey,wine,750ml,"		$59.99/ea($79.99/l)",59.99,ea(,79.99/l),,
10172,Glenmorangie Original 10 Year Single Malt Scotch Whisky,Glenmorangie Original 10 Year Single Malt Scotch Whisky,vin_spirits_whiskey,wine,750ml,"		$39.99/ea($53.32/l)",39.99,ea(,53.32/l),,
10173,Johnnie Walker Black Label Scotch Whisky,Johnnie Walker Black Label Scotch Whisky,vin_spirits_whiskey,wine,750ml,"		$44.99/ea($59.99/l)",44.99,ea(,59.99/l),,
10174,Johnnie Walker Double Black Scotch Whisky,Johnnie Walker Double Black Scotch Whisky,vin_spirits_whiskey,wine,750ml,"		$49.99/ea($66.65/l)",49.99,ea(,66.65/l),,
10175,Johnnie Walker Red Label Scotch Whisky,Johnnie Walker Red Label Scotch Whisky,vin_spirits_whiskey,wine,750ml,"		$29.99/ea($39.99/l)",29.99,ea(,39.99/l),,
10176,Laphroaig Islay Single Malt Scotch Whisky 10yr,Laphroaig Islay Single Malt Scotch Whisky 10yr,vin_spirits_whiskey,wine,750ml,"		$54.99/ea($73.32/l)",54.99,ea(,73.32/l),,
10177,The Famous Grouse Blended Scotch Whisky,The Famous Grouse Blended Scotch Whisky,vin_spirits_whiskey,wine,750ml,"		$29.99/ea($39.99/l)",29.99,ea(,39.99/l),,
10178,The Glenlivet 12 Year Old Single Malt Scotch Whisky,The Glenlivet 12 Year Old Single Malt Scotch Whisky,vin_spirits_whiskey,wine,750ml,"		$57.99/ea($77.32/l)",57.99,ea(,77.32/l),,
10179,The Macallan 12 Year Single Malt Scotch Whisky,The Macallan 12 Year Single Malt Scotch Whisky,vin_spirits_whiskey,wine,750ml,"		$69.99/ea($93.32/l)",69.99,ea(,93.32/l),,
10180,The Macallan Single Malt Scotch 18yr Sherry Oak,The Macallan Single Malt Scotch 18yr Sherry Oak,vin_spirits_whiskey,wine,750ml,"		$229.99/ea($306.65/l)",229.99,ea(,306.65/l),,
10181,Bushmills Irish Whiskey,Bushmills Irish Whiskey,vin_spirits_whiskey,wine,750ml,"		$29.99/ea($39.99/l)",29.99,ea(,39.99/l),,
10182,Jameson Irish Whiskey,Jameson Irish Whiskey,vin_spirits_whiskey,wine,750ml,"		$37.99/ea($50.65/l)",37.99,ea(,50.65/l),,
10183,Jameson Irish Whiskey,Jameson Irish Whiskey,vin_spirits_whiskey,wine,1.75L (1750ml),"		$59.99/ea($34.28/l)",59.99,ea(,34.28/l),,
10184,Bushmills Irish Whiskey,Bushmills Irish Whiskey,vin_spirits_whiskey,wine,1L (1000ml),"		$0.00/null($0.00/l)",0,null(,0.00/l),,
10185,Crown Royal Canadian Whisky,Crown Royal Canadian Whisky,vin_spirits_whiskey,wine,750ml,"		$39.99/ea($53.32/l)",39.99,ea(,53.32/l),,
10186,Fireball Cinnamon Whisky,Fireball Cinnamon Whisky,vin_spirits_whiskey,wine,750ml,"		$22.99/ea($30.65/l)",22.99,ea(,30.65/l),,
10187,Seagram's 7 Crown Blended Whiskey,Seagram's 7 Crown Blended Whiskey,vin_spirits_whiskey,wine,1L (1000ml),"		$24.99/ea($24.99/l)",24.99,ea(,24.99/l),,
10188,FreshDirect Beef Bolognese Lasagna,FreshDirect Beef Bolognese Lasagna,hmr_comfort,4mm,11.1oz,"		$8.99/ea($13.03/lb)",8.99,ea(,13.03/lb),,
10189,FreshDirect Chicken Parmesan,FreshDirect Chicken Parmesan,hmr_comfort,4mm,15.5oz,"		$8.99/ea($9.27/lb)",8.99,ea(,9.27/lb),,
10191,FreshDirect Frozen Creole-Style Chicken & Rice,FreshDirect Frozen Creole-Style Chicken & Rice,hmr_comfort,4mm,12.1oz,"		$8.99/ea($11.83/lb)",8.99,ea(,11.83/lb),,
10193,FreshDirect Jerk Chicken (Raised without Antibiotics),FreshDirect Jerk Chicken (Raised without Antibiotics),hmr_comfort,4mm,12.4oz,"		$8.99/ea($11.53/lb)",8.99,ea(,11.53/lb),,
10194,FreshDirect Beef Bourguignon,FreshDirect Beef Bourguignon,hmr_comfort,4mm,13.9oz,"		$11.99/eaSave! 2 for $22.00($13.78/lb)",11.99,eaSave! 2 for ,22.00(13.78/lb),13.78/lb),
10197,Morton's Coarse Kosher Salt,Morton's Coarse Kosher Salt,gro_spice,pantry,48oz,"		$2.99/ea($0.94/lb)",2.99,ea(,0.94/lb),,
10198,Morton's Iodized Salt,Morton's Iodized Salt,gro_spice,pantry,26oz,"		$0.89/ea($0.55/lb)",0.89,ea(,0.55/lb),,
10199,Old El Paso Taco Seasoning Mix,Old El Paso Taco Seasoning Mix,gro_spice,pantry,1.25oz,"		$0.99/ea($12.38/lb)",0.99,ea(,12.38/lb),,
10201,Spice Supreme Garlic Powder,Spice Supreme Garlic Powder,gro_spice,pantry,2.5oz,"		$0.99/ea($6.19/lb)",0.99,ea(,6.19/lb),,
10203,Just FreshDirect Tellicherry Peppercorns (Refill),Just FreshDirect Tellicherry Peppercorns (Refill),gro_spice,pantry,2.1oz,"		$4.99/ea($38.38/lb)",4.99,ea(,38.38/lb),,
10204,La Baleine Fine Sea Salt,La Baleine Fine Sea Salt,gro_spice,pantry,26.5oz,"		$3.49/ea($2.10/lb)",3.49,ea(,2.10/lb),,
10205,Maldon Sea Salt,Maldon Sea Salt,gro_spice,pantry,8.5oz,"		$6.99/ea($13.19/lb)",6.99,ea(,13.19/lb),,
10208,Spice Supreme Bay Leaves,Spice Supreme Bay Leaves,gro_spice,pantry,0.5oz,"		$1.09/ea",1.09,ea,,,
10209,Spice Supreme Chili Powder,Spice Supreme Chili Powder,gro_spice,pantry,4.37oz,"		$1.09/ea",1.09,ea,,,
10210,Spice Supreme Crushed Red Pepper,Spice Supreme Crushed Red Pepper,gro_spice,pantry,2.75oz,"		$1.09/ea($6.41/lb)",1.09,ea(,6.41/lb),,
10211,Spice Supreme Ground Cinnamon,Spice Supreme Ground Cinnamon,gro_spice,pantry,3.25oz,"		$1.09/ea($5.45/lb)",1.09,ea(,5.45/lb),,
10212,Spice Supreme Ground Cumin,Spice Supreme Ground Cumin,gro_spice,pantry,3oz,"		$1.09/ea($5.74/lb)",1.09,ea(,5.74/lb),,
10213,Spice Supreme Onion Powder,Spice Supreme Onion Powder,gro_spice,pantry,3oz,"		$1.09/ea($5.74/lb)",1.09,ea(,5.74/lb),,
10214,Spice Supreme Oregano,Spice Supreme Oregano,gro_spice,pantry,1.125oz,"		$1.09/ea($15.57/lb)",1.09,ea(,15.57/lb),,
10217,Goya Adobo All Purpose Seasoning with Pepper,Goya Adobo All Purpose Seasoning with Pepper,gro_spice,pantry,8oz,"		$1.79/ea($3.58/lb)",1.79,ea(,3.58/lb),,
10218,Hain Pure Foods Iodized Sea Salt,Hain Pure Foods Iodized Sea Salt,gro_spice,pantry,26oz,"		$2.99/ea($1.83/lb)",2.99,ea(,1.83/lb),,
10219,Just FreshDirect Bay Leaves,Just FreshDirect Bay Leaves,gro_spice,pantry,0.15oz,"		$3.99/ea($26.60/oz)",3.99,ea(,26.60/oz),,
10220,Just FreshDirect California Sea Salt Grinder,Just FreshDirect California Sea Salt Grinder,gro_spice,pantry,4.5oz,"		$3.99/ea($14.25/lb)",3.99,ea(,14.25/lb),,
10221,Just FreshDirect Cinnamon Sticks,Just FreshDirect Cinnamon Sticks,gro_spice,pantry,1.2oz,"		$3.99/ea($49.88/lb)",3.99,ea(,49.88/lb),,
10222,Just FreshDirect Crushed Red Pepper,Just FreshDirect Crushed Red Pepper,gro_spice,pantry,1.2oz,"		$3.29/ea($41.12/lb)",3.29,ea(,41.12/lb),,
10224,Just FreshDirect Ground Cinnamon,Just FreshDirect Ground Cinnamon,gro_spice,pantry,2oz,"		$3.49/ea($26.85/lb)",3.49,ea(,26.85/lb),,
10225,Just FreshDirect Ground Cumin,Just FreshDirect Ground Cumin,gro_spice,pantry,1.8oz,"		$3.49/ea($31.73/lb)",3.49,ea(,31.73/lb),,
10226,Just FreshDirect Ground Tellicherry Pepper,Just FreshDirect Ground Tellicherry Pepper,gro_spice,pantry,2.2oz,"		$5.59/ea($39.93/lb)",5.59,ea(,39.93/lb),,
10227,Just FreshDirect Ground Turmeric,Just FreshDirect Ground Turmeric,gro_spice,pantry,2oz,"		$2.99/ea($23.00/lb)",2.99,ea(,23.00/lb),,
10228,Just FreshDirect Herbes de Provence,Just FreshDirect Herbes de Provence,gro_spice,pantry,0.9oz,"		$3.99/ea($4.43/oz)",3.99,ea(,4.43/oz),,
10230,Just FreshDirect Italian Seasoning,Just FreshDirect Italian Seasoning,gro_spice,pantry,0.85oz,"		$3.59/ea($4.22/oz)",3.59,ea(,4.22/oz),,
10231,Just FreshDirect Oregano,Just FreshDirect Oregano,gro_spice,pantry,0.36oz,"		$2.99/ea($8.31/oz)",2.99,ea(,8.31/oz),,
10232,Just FreshDirect Rainbow Peppercorns Grinder,Just FreshDirect Rainbow Peppercorns Grinder,gro_spice,pantry,2.1oz,"		$6.99/ea($53.77/lb)",6.99,ea(,53.77/lb),,
10233,Just FreshDirect Smoked Spanish Paprika,Just FreshDirect Smoked Spanish Paprika,gro_spice,pantry,2.1oz,"		$3.99/ea($30.69/lb)",3.99,ea(,30.69/lb),,
10236,Just FreshDirect Tellicherry Peppercorn Grinder,Just FreshDirect Tellicherry Peppercorn Grinder,gro_spice,pantry,2.1oz,"		$6.99/ea($53.77/lb)",6.99,ea(,53.77/lb),,
10237,Just FreshDirect Vanilla Extract,Just FreshDirect Vanilla Extract,gro_spice,pantry,4oz,"		$7.99/ea($31.96/lb)",7.99,ea(,31.96/lb),,
10238,Just FreshDirect Vanilla Extract,Just FreshDirect Vanilla Extract,gro_spice,pantry,2oz,"		$4.99/ea($38.38/lb)",4.99,ea(,38.38/lb),,
10239,Just FreshDirect White Sesame Seeds,Just FreshDirect White Sesame Seeds,gro_spice,pantry,2.2oz,"		$3.99/ea($28.50/lb)",3.99,ea(,28.50/lb),,
10240,La Baleine Coarse Sea Salt,La Baleine Coarse Sea Salt,gro_spice,pantry,26.5oz,"		$3.49/ea($2.10/lb)",3.49,ea(,2.10/lb),,
10242,Morton's Regular Salt,Morton's Regular Salt,gro_spice,pantry,26oz,"		$0.89/ea($0.55/lb)",0.89,ea(,0.55/lb),,
10243,Mrs. Dash Salt Free Seasoning,Mrs. Dash Salt Free Seasoning,gro_spice,pantry,2.5oz,"		$3.59/ea($22.44/lb)",3.59,ea(,22.44/lb),,
10245,Old Bay Seasoning,Old Bay Seasoning,gro_spice,pantry,6oz,"		$4.69/ea($12.34/lb)",4.69,ea(,12.34/lb),,
10246,Spice Supreme Basil Leaves,Spice Supreme Basil Leaves,gro_spice,pantry,1oz,"		$1.09/ea($1.09/oz)",1.09,ea(,1.09/oz),,
10247,Spice Supreme Cayenne Pepper,Spice Supreme Cayenne Pepper,gro_spice,pantry,3.5oz,"		$1.09/ea($4.95/lb)",1.09,ea(,4.95/lb),,
10248,Spice Supreme Curry Powder,Spice Supreme Curry Powder,gro_spice,pantry,4oz,"		$1.09/ea($4.36/lb)",1.09,ea(,4.36/lb),,
10249,Spice Supreme Garlic Salt,Spice Supreme Garlic Salt,gro_spice,pantry,8oz,"		$1.09/ea($2.18/lb)",1.09,ea(,2.18/lb),,
10250,Spice Supreme Ground Coriander,Spice Supreme Ground Coriander,gro_spice,pantry,3oz,"		$1.09/ea($5.74/lb)",1.09,ea(,5.74/lb),,
10251,Spice Supreme Ground Ginger,Spice Supreme Ground Ginger,gro_spice,pantry,3oz,"		$0.99/ea($5.21/lb)",0.99,ea(,5.21/lb),,
10252,Spice Supreme Ground Nutmeg,Spice Supreme Ground Nutmeg,gro_spice,pantry,2oz,"		$1.99/ea($15.31/lb)",1.99,ea(,15.31/lb),,
10253,Spice Supreme Paprika,Spice Supreme Paprika,gro_spice,pantry,4oz,"		$1.09/ea($4.36/lb)",1.09,ea(,4.36/lb),,
10254,Spice Supreme Parsley Flakes,Spice Supreme Parsley Flakes,gro_spice,pantry,0.5oz,"		$1.09/ea",1.09,ea,,,
10255,Spice Supreme Rosemary,Spice Supreme Rosemary,gro_spice,pantry,1.25oz,"		$1.09/ea($13.63/lb)",1.09,ea(,13.63/lb),,
10256,Spice Supreme Thyme,Spice Supreme Thyme,gro_spice,pantry,1.5oz,"		$1.09/ea($12.11/lb)",1.09,ea(,12.11/lb),,
10258,Goya Adobo All Purpose Seasoning without Pepper,Goya Adobo All Purpose Seasoning without Pepper,gro_spice,pantry,8oz,"		$1.79/ea($3.58/lb)",1.79,ea(,3.58/lb),,
10259,Hain Pure Foods Sea Salt,Hain Pure Foods Sea Salt,gro_spice,pantry,26oz,"		$2.99/ea",2.99,ea,,,
10260,Just FreshDirect Parsley,Just FreshDirect Parsley,gro_spice,pantry,0.1oz,"		$2.99/ea($29.90/oz)",2.99,ea(,29.90/oz),,
10261,Just FreshDirect Almond Extract,Just FreshDirect Almond Extract,gro_spice,pantry,2oz,"		$4.59/ea($35.31/pt)",4.59,ea(,35.31/pt),,
10262,Just FreshDirect Apple Pie Seasoning,Just FreshDirect Apple Pie Seasoning,gro_spice,pantry,3.1oz,"		$3.49/ea($18.37/lb)",3.49,ea(,18.37/lb),,
10263,Just FreshDirect Barbecue Rub,Just FreshDirect Barbecue Rub,gro_spice,pantry,5.8oz,"		$4.99/ea($13.86/lb)",4.99,ea(,13.86/lb),,
10264,Just FreshDirect Basil,Just FreshDirect Basil,gro_spice,pantry,0.5oz,"		$2.99/ea($5.98/oz)",2.99,ea(,5.98/oz),,
10265,Just FreshDirect Black Sesame Seeds,Just FreshDirect Black Sesame Seeds,gro_spice,pantry,2oz,"		$3.49/ea($26.85/lb)",3.49,ea(,26.85/lb),,
10266,Just FreshDirect Blackened Spice Rub,Just FreshDirect Blackened Spice Rub,gro_spice,pantry,4.7oz,"		$5.99/ea($20.66/lb)",5.99,ea(,20.66/lb),,
10267,Just FreshDirect Blue Poppy Seeds,Just FreshDirect Blue Poppy Seeds,gro_spice,pantry,2.4oz,"		$3.49/ea($23.27/lb)",3.49,ea(,23.27/lb),,
10268,Just FreshDirect Caraway Seed,Just FreshDirect Caraway Seed,gro_spice,pantry,1.9oz,"		$2.99/ea($24.92/lb)",2.99,ea(,24.92/lb),,
10269,Just FreshDirect Cayenne Pepper,Just FreshDirect Cayenne Pepper,gro_spice,pantry,1.8oz,"		$3.29/ea($29.91/lb)",3.29,ea(,29.91/lb),,
10270,Just FreshDirect Celery Seed,Just FreshDirect Celery Seed,gro_spice,pantry,1.9oz,"		$5.99/ea($49.92/lb)",5.99,ea(,49.92/lb),,
10271,Just FreshDirect Chimichurri,Just FreshDirect Chimichurri,gro_spice,pantry,1.7oz,"		$3.99/ea($36.27/lb)",3.99,ea(,36.27/lb),,
10272,Just FreshDirect Cilantro,Just FreshDirect Cilantro,gro_spice,pantry,0.15oz,"		$3.99/ea($26.60/oz)",3.99,ea(,26.60/oz),,
10273,Just FreshDirect Cumin Seed,Just FreshDirect Cumin Seed,gro_spice,pantry,1.8oz,"		$3.99/ea($36.27/lb)",3.99,ea(,36.27/lb),,
10274,Just FreshDirect Dill Weed,Just FreshDirect Dill Weed,gro_spice,pantry,0.4oz,"		$3.59/ea($8.98/oz)",3.59,ea(,8.98/oz),,
10275,Just FreshDirect Dried Chives,Just FreshDirect Dried Chives,gro_spice,pantry,0.2oz,"		$3.29/ea($16.45/oz)",3.29,ea(,16.45/oz),,
10276,Just FreshDirect Dried Lemongrass,Just FreshDirect Dried Lemongrass,gro_spice,pantry,0.4oz,"		$3.99/ea($9.98/oz)",3.99,ea(,9.98/oz),,
10277,Just FreshDirect Dried Shallots,Just FreshDirect Dried Shallots,gro_spice,pantry,0.5oz,"		$4.99/ea($9.98/oz)",4.99,ea(,9.98/oz),,
10281,Just FreshDirect Fennel Seed,Just FreshDirect Fennel Seed,gro_spice,pantry,1.6oz,"		$3.29/ea($32.90/lb)",3.29,ea(,32.90/lb),,
10282,Just FreshDirect Fleur de Sel Salt,Just FreshDirect Fleur de Sel Salt,gro_spice,pantry,3.8oz,"		$7.99/ea($33.29/lb)",7.99,ea(,33.29/lb),,
10283,Just FreshDirect Garlic Salt,Just FreshDirect Garlic Salt,gro_spice,pantry,4.1oz,"		$2.99/ea($11.50/lb)",2.99,ea(,11.50/lb),,
10284,Just FreshDirect Greek Seasoning,Just FreshDirect Greek Seasoning,gro_spice,pantry,0.7oz,"		$2.99/ea($4.27/oz)",2.99,ea(,4.27/oz),,
10285,Just FreshDirect Ground Allspice,Just FreshDirect Ground Allspice,gro_spice,pantry,1.95oz,"		$3.49/ea($29.08/lb)",3.49,ea(,29.08/lb),,
10286,Just FreshDirect Ground Cardamom,Just FreshDirect Ground Cardamom,gro_spice,pantry,1.9oz,"		$5.99/ea($49.92/lb)",5.99,ea(,49.92/lb),,
10287,Just FreshDirect Ground Cloves,Just FreshDirect Ground Cloves,gro_spice,pantry,1.8oz,"		$5.49/ea($49.91/lb)",5.49,ea(,49.91/lb),,
10288,Just FreshDirect Ground Coriander,Just FreshDirect Ground Coriander,gro_spice,pantry,1.4oz,"		$2.99/ea($33.22/lb)",2.99,ea(,33.22/lb),,
10290,Just FreshDirect Ground Mustard,Just FreshDirect Ground Mustard,gro_spice,pantry,1.9oz,"		$3.59/ea($29.92/lb)",3.59,ea(,29.92/lb),,
10291,Just FreshDirect Ground Nutmeg,Just FreshDirect Ground Nutmeg,gro_spice,pantry,1.9oz,"		$5.99/ea($49.92/lb)",5.99,ea(,49.92/lb),,
10292,Just FreshDirect Ground Sage,Just FreshDirect Ground Sage,gro_spice,pantry,0.5oz,"		$2.99/ea($5.98/oz)",2.99,ea(,5.98/oz),,
10293,Just FreshDirect Ground White Pepper,Just FreshDirect Ground White Pepper,gro_spice,pantry,2oz,"		$4.99/ea($38.38/lb)",4.99,ea(,38.38/lb),,
10294,Just FreshDirect Hot Hungarian Paprika,Just FreshDirect Hot Hungarian Paprika,gro_spice,pantry,1.8oz,"		$3.99/ea($36.27/lb)",3.99,ea(,36.27/lb),,
10295,Just FreshDirect Island Jerk,Just FreshDirect Island Jerk,gro_spice,pantry,2.6oz,"		$4.99/ea($31.19/lb)",4.99,ea(,31.19/lb),,
10297,Just FreshDirect Makrut Lime Leaves,Just FreshDirect Makrut Lime Leaves,gro_spice,pantry,0.1oz,"		$3.99/ea($39.90/oz)",3.99,ea(,39.90/oz),,
10298,Just FreshDirect Marjoram,Just FreshDirect Marjoram,gro_spice,pantry,0.4oz,"		$2.99/ea($7.48/oz)",2.99,ea(,7.48/oz),,
10300,Just FreshDirect Mild Curry Powder,Just FreshDirect Mild Curry Powder,gro_spice,pantry,1.9oz,"		$3.99/ea($33.25/lb)",3.99,ea(,33.25/lb),,
10301,Just FreshDirect Moroccan Rub,Just FreshDirect Moroccan Rub,gro_spice,pantry,4.5oz,"		$4.99/ea($17.82/lb)",4.99,ea(,17.82/lb),,
10302,Just FreshDirect Onion Powder,Just FreshDirect Onion Powder,gro_spice,pantry,2oz,"		$3.29/ea($25.31/lb)",3.29,ea(,25.31/lb),,
10303,Just FreshDirect Peppermint Extract,Just FreshDirect Peppermint Extract,gro_spice,pantry,2oz,"		$4.99/ea($38.38/lb)",4.99,ea(,38.38/lb),,
10304,Just FreshDirect Pumpkin Pie Spice,Just FreshDirect Pumpkin Pie Spice,gro_spice,pantry,1.8oz,"		$3.99/ea($36.27/lb)",3.99,ea(,36.27/lb),,
10305,Just FreshDirect Rosemary,Just FreshDirect Rosemary,gro_spice,pantry,1.1oz,"		$2.99/ea($42.71/lb)",2.99,ea(,42.71/lb),,
10306,Just FreshDirect Seasoned Salt,Just FreshDirect Seasoned Salt,gro_spice,pantry,3.5oz,"		$3.99/ea($18.14/lb)",3.99,ea(,18.14/lb),,
10307,Just FreshDirect Star Anise,Just FreshDirect Star Anise,gro_spice,pantry,0.5oz,"		$9.99/ea",9.99,ea,,,
10308,Just FreshDirect Tarragon,Just FreshDirect Tarragon,gro_spice,pantry,0.4oz,"		$4.59/ea($11.48/oz)",4.59,ea(,11.48/oz),,
10309,Just FreshDirect Thyme,Just FreshDirect Thyme,gro_spice,pantry,0.5oz,"		$3.29/ea($6.58/oz)",3.29,ea(,6.58/oz),,
10310,Just FreshDirect Vanilla Beans,Just FreshDirect Vanilla Beans,gro_spice,pantry,2ct,"		$6.99/ea($3.50/ct)",6.99,ea(,3.50/ct),,
10311,Just FreshDirect Wasabi Powder,Just FreshDirect Wasabi Powder,gro_spice,pantry,1.5oz,"		$4.29/ea($47.67/lb)",4.29,ea(,47.67/lb),,
10312,Just FreshDirect Whole Cloves,Just FreshDirect Whole Cloves,gro_spice,pantry,1.5oz,"		$4.99/ea($55.44/lb)",4.99,ea(,55.44/lb),,
10313,Just FreshDirect Whole Coriander,Just FreshDirect Whole Coriander,gro_spice,pantry,1.1oz,"		$3.49/ea($49.86/lb)",3.49,ea(,49.86/lb),,
10314,Just FreshDirect Whole Nutmeg,Just FreshDirect Whole Nutmeg,gro_spice,pantry,1.7oz,"		$5.99/ea($54.45/lb)",5.99,ea(,54.45/lb),,
10315,Just FreshDirect Yellow Mustard Seed,Just FreshDirect Yellow Mustard Seed,gro_spice,pantry,2.7oz,"		$3.49/ea($20.53/lb)",3.49,ea(,20.53/lb),,
10319,Spice Supreme Ground Sage,Spice Supreme Ground Sage,gro_spice,pantry,2.5oz,"		$1.09/ea($6.81/lb)",1.09,ea(,6.81/lb),,
10321,Spice Supreme Whole Cloves,Spice Supreme Whole Cloves,gro_spice,pantry,1.75oz,"		$1.99/ea($18.09/lb)",1.99,ea(,18.09/lb),,
10322,Just FreshDirect Chili Seasoning,Just FreshDirect Chili Seasoning,gro_spice,pantry,2.1oz,"		$0.00/null($0.00/lb)",0,null(,0.00/lb),,
10337,FreshDirect Handcrafted Assorted Chocolate Bon Bons,FreshDirect Handcrafted Assorted Chocolate Bon Bons,chclt,bakery,4oz,"		$24.99/ea($99.96/lb)",24.99,ea(,99.96/lb),,
10339,FreshDirect Handcrafted Dark Chocolate PB & J Bar,FreshDirect Handcrafted Dark Chocolate PB & J Bar,chclt,bakery,2.1oz,"		$2.79/ea($21.46/lb)",2.79,ea(,21.46/lb),,
10340,FreshDirect Handcrafted Dulce de Chili,FreshDirect Handcrafted Dulce de Chili,chclt,bakery,2.1oz,"		$2.79/ea($21.46/lb)",2.79,ea(,21.46/lb),,
10341,FreshDirect Handcrafted Salted Peanut Bar,FreshDirect Handcrafted Salted Peanut Bar,chclt,bakery,2.1oz,"		$2.79/ea($21.46/lb)",2.79,ea(,21.46/lb),,
10343,FreshDirect S'mores Kit,FreshDirect S'mores Kit,chclt,bakery,NA,"		$12.99/ea",12.99,ea,,,
10353,FreshDirect Deli Value Pack,FreshDirect Deli Value Pack,deli_bundles,deli,NA,"		$10.99/ea",10.99,ea,,,
10354,Aperol Aperitivo Liqueur,Aperol Aperitivo Liqueur,vin_spirits_vermouthbitters,wine,750ml,"		$22.99/ea($30.65/l)",22.99,ea(,30.65/l),,
10355,Althea Prosecco di Valdobbiadene,Althea Prosecco di Valdobbiadene,vin_spirits_vermouthbitters,wine,750ml,"		$18.99/ea($25.32/l)",18.99,ea(,25.32/l),,
10356,Campari Bitter,Campari Bitter,vin_spirits_vermouthbitters,wine,750ml,"		$26.99/ea($35.99/l)",26.99,ea(,35.99/l),,
10359,Cocchi Americano Bianco Aperitif,Cocchi Americano Bianco Aperitif,vin_spirits_vermouthbitters,wine,750ml,"		$19.99/ea($26.65/l)",19.99,ea(,26.65/l),,
10360,Cynar Bitter,Cynar Bitter,vin_spirits_vermouthbitters,wine,1L (1000ml),"		$24.99/ea($24.99/l)",24.99,ea(,24.99/l),,
10361,Dolin Vermouth de Chambery Blanc,Dolin Vermouth de Chambery Blanc,vin_spirits_vermouthbitters,wine,375ml,"		$9.99/ea($13.32/l)",9.99,ea(,13.32/l),,
10366,Fernet-Branca Liqueur,Fernet-Branca Liqueur,vin_spirits_vermouthbitters,wine,750ml,"		$31.99/ea($42.65/l)",31.99,ea(,42.65/l),,
10367,Martini & Rossi Vermouth Extra Dry,Martini & Rossi Vermouth Extra Dry,vin_spirits_vermouthbitters,wine,375ml,"		$5.99/ea($7.99/l)",5.99,ea(,7.99/l),,
10369,Martini & Rossi Vermouth Rosso,Martini & Rossi Vermouth Rosso,vin_spirits_vermouthbitters,wine,375ml,"		$5.99/ea($7.99/l)",5.99,ea(,7.99/l),,
10372,Ramazzotti Amaro,Ramazzotti Amaro,vin_spirits_vermouthbitters,wine,750ml,"		$24.99/ea($33.32/l)",24.99,ea(,33.32/l),,
10373,"Assorted Pinwheels Platter, Large","Assorted Pinwheels Platter, Large",cat_sandplat,catering,(54 pc),"		$75.00/ea",75,ea,,,
10374,"Assorted Pinwheels Platter, Small","Assorted Pinwheels Platter, Small",cat_sandplat,catering,(30 pc),"		$39.00/ea",39,ea,,,
10375,All-American Super Hero,All-American Super Hero,cat_sandplat,catering,20 slices (approx 3.75lbs ),"		$60.00/ea",60,ea,,,
10378,"Assorted Wraps Platter, Large","Assorted Wraps Platter, Large",cat_sandplat,catering,18pcs,"		$75.00/ea",75,ea,,,
10379,"Assorted Wraps Platter, Small","Assorted Wraps Platter, Small",cat_sandplat,catering,12pcs,"		$50.00/ea",50,ea,,,
10380,"Classic Deli Platter with Bread, Large","Classic Deli Platter with Bread, Large",cat_sandplat,catering,"15 rolls, 6lbs cold cuts","		$120.00/ea",120,ea,,,
10381,"Classic Deli Platter with Bread, Small","Classic Deli Platter with Bread, Small",cat_sandplat,catering,"10 rolls, 2.8 lbs cold cuts","		$55.00/ea",55,ea,,,
10382,"Couronne Sandwich Platter, Large","Couronne Sandwich Platter, Large",cat_sandplat,catering,approx 25pc,"		$75.00/ea",75,ea,,,
10383,"Couronne Sandwich Platter, Small","Couronne Sandwich Platter, Small",cat_sandplat,catering,approx 16pc,"		$49.99/ea",49.99,ea,,,
10384,Easy Lunch Sandwich Platter,Easy Lunch Sandwich Platter,cat_sandplat,catering,18pcs (Serves 6-8),"		$45.00/ea",45,ea,,,
10385,Italian Stallion Super Hero,Italian Stallion Super Hero,cat_sandplat,catering,20 slices (approx 3.75lbs ),"		$75.00/ea",75,ea,,,
10389,"Mini Brioche Sandwich Platter, Large","Mini Brioche Sandwich Platter, Large",cat_sandplat,catering,(30 pc),"		$65.00/ea",65,ea,,,
10390,"Mini Brioche Sandwich Platter, Small","Mini Brioche Sandwich Platter, Small",cat_sandplat,catering,(18 pc),"		$45.00/ea",45,ea,,,
10391,Perfect Party Sandwich Platter,Perfect Party Sandwich Platter,cat_sandplat,catering,16pcs (Serves 6-8),"		$55.00/ea",55,ea,,,
10392,Vegetable Super Hero,Vegetable Super Hero,cat_sandplat,catering,12 slices (approx 3.5lbs ),"		$60.00/ea",60,ea,,,
10393,"Roast Turkey, Cranberry & Gorgonzola Cheese Wrap","Roast Turkey, Cranberry & Gorgonzola Cheese Wrap",cat_sandplat,catering,12.1oz,"		$6.49/eaSave! 2 for $12.00($8.54/lb)",6.49,eaSave! 2 for ,12.00(8.54/lb),8.54/lb),
10394,"Chicken, Bacon & Brie Cheese Wrap","Chicken, Bacon & Brie Cheese Wrap",cat_sandplat,catering,13oz,"		$7.49/ea",7.49,ea,,,
10395,Roast Turkey & Cheddar Cheese Wrap,Roast Turkey & Cheddar Cheese Wrap,cat_sandplat,catering,12.2oz,"		$6.49/eaSave! 2 for $12.00",6.49,eaSave! 2 for ,12,,
10477,FreshDirect Little Dippers with Hummus,FreshDirect Little Dippers with Hummus,crt,vegetables,4oz,"		$3.49/ea",3.49,ea,,,
10478,FreshDirect Little Dippers with Ranch Dressing,FreshDirect Little Dippers with Ranch Dressing,crt,vegetables,5oz,"		$3.49/ea",3.49,ea,,,
10483,Apple & Eve Big Bird's Apple Juice Boxes,Apple & Eve Big Bird's Apple Juice Boxes,bby_natural,shop,4.2oz boxes 8pk,"		$2.99/ea($1.42/pt)",2.99,ea(,1.42/pt),,
10488,Annie's Homegrown Bunny Graham Friends,Annie's Homegrown Bunny Graham Friends,bby_natural,shop,10oz,"		$3.99/ea($6.33/lb)",3.99,ea(,6.33/lb),,
10494,"happyfamily happytot Organic Mix Plus, Kale, Apple & Mango","happyfamily happytot Organic Mix Plus, Kale, Apple & Mango",bby_natural,shop,4.22oz,"		$2.49/ea($9.58/lb)",2.49,ea(,9.58/lb),,
10498,Seventh Generation Free & Clear Baby Wipes,Seventh Generation Free & Clear Baby Wipes,bby_natural,shop,64ct," 	$3.09/ea $3.69Save 16%($0.04/ct)",3.09,ea ,3.69Save 16%(0.04/ct),0.04/ct),
10505,Annie's Homegrown Chocolate Chip Bunny Grahams,Annie's Homegrown Chocolate Chip Bunny Grahams,bby_natural,shop,7.5oz,"		$3.99/ea($8.49/lb)",3.99,ea(,8.49/lb),,
10506,Apple & Eve Bert & Ernie's Berry Juice Boxes,Apple & Eve Bert & Ernie's Berry Juice Boxes,bby_natural,shop,"4.23oz boxes, 8pk","		$2.99/ea($1.41/pt)",2.99,ea(,1.41/pt),,
10507,Apple & Eve Big Bird's Apple Juice,Apple & Eve Big Bird's Apple Juice,bby_natural,shop,64oz plastic bottle,"		$3.69/ea($0.92/pt)",3.69,ea(,0.92/pt),,
10508,Apple & Eve Elmo's Punch Juice Boxes,Apple & Eve Elmo's Punch Juice Boxes,bby_natural,shop,4.23oz boxes 8pk,"		$2.99/ea($1.41/pt)",2.99,ea(,1.41/pt),,
10509,Earth's Best Corn & Butternut Squash,Earth's Best Corn & Butternut Squash,bby_natural,shop,4oz,"		$0.99/ea($3.96/lb)",0.99,ea(,3.96/lb),,
10510,Earth's Best Organic Apple Cinnamon Oatmeal Baby Food,Earth's Best Organic Apple Cinnamon Oatmeal Baby Food,bby_natural,shop,6oz,"		$1.49/ea($3.92/lb)",1.49,ea(,3.92/lb),,
10511,Earth's Best Organic Apples & Apricots Baby Food,Earth's Best Organic Apples & Apricots Baby Food,bby_natural,shop,4oz,"		$0.99/ea($3.96/lb)",0.99,ea(,3.96/lb),,
10512,Earth's Best Organic Apples & Blueberries Baby Food,Earth's Best Organic Apples & Blueberries Baby Food,bby_natural,shop,4oz,"		$0.99/ea($3.96/lb)",0.99,ea(,3.96/lb),,
10513,Earth's Best Organic Apples & Plums Baby Food,Earth's Best Organic Apples & Plums Baby Food,bby_natural,shop,4oz,"		$0.99/ea($3.96/lb)",0.99,ea(,3.96/lb),,
10514,Earth's Best Organic Apples Baby Food,Earth's Best Organic Apples Baby Food,bby_natural,shop,4oz,"		$0.99/ea($3.96/lb)",0.99,ea(,3.96/lb),,
10515,Earth's Best Organic Carrots Baby Food,Earth's Best Organic Carrots Baby Food,bby_natural,shop,4oz,"		$0.99/ea($3.96/lb)",0.99,ea(,3.96/lb),,
10518,Earth's Best Organic Green Beans & Rice Baby Food,Earth's Best Organic Green Beans & Rice Baby Food,bby_natural,shop,4oz,"		$0.99/ea($3.96/lb)",0.99,ea(,3.96/lb),,
10519,Earth's Best Organic Letter of the Day Cookies - Oatmeal Cinnamon,Earth's Best Organic Letter of the Day Cookies - Oatmeal Cinnamon,bby_natural,shop,5.3oz,"		$3.19/ea($9.67/lb)",3.19,ea(,9.67/lb),,
10520,Earth's Best Organic Letter of the Day Cookies - Very Vanilla,Earth's Best Organic Letter of the Day Cookies - Very Vanilla,bby_natural,shop,5.3oz,"		$3.19/ea($9.67/lb)",3.19,ea(,9.67/lb),,
10521,"Earth's Best Organic Peach, Oatmeal, & Banana Baby Food","Earth's Best Organic Peach, Oatmeal, & Banana Baby Food",bby_natural,shop,4oz,"		$0.99/ea($3.96/lb)",0.99,ea(,3.96/lb),,
10522,Earth's Best Organic Pears & Mangos Baby Food,Earth's Best Organic Pears & Mangos Baby Food,bby_natural,shop,4oz,"		$0.99/ea($3.96/lb)",0.99,ea(,3.96/lb),,
10523,Earth's Best Organic Pears & Raspberries Baby Food,Earth's Best Organic Pears & Raspberries Baby Food,bby_natural,shop,4oz,"		$0.99/ea($3.96/lb)",0.99,ea(,3.96/lb),,
10524,Earth's Best Organic Pears Baby Food,Earth's Best Organic Pears Baby Food,bby_natural,shop,4oz,"		$0.99/ea($3.96/lb)",0.99,ea(,3.96/lb),,
10525,Earth's Best Organic Peas & Brown Rice Baby Food,Earth's Best Organic Peas & Brown Rice Baby Food,bby_natural,shop,4oz,"		$0.99/ea($3.96/lb)",0.99,ea(,3.96/lb),,
10526,Earth's Best Organic Spring Vegetables & Pasta Baby Food,Earth's Best Organic Spring Vegetables & Pasta Baby Food,bby_natural,shop,6oz,"		$1.49/ea($3.92/lb)",1.49,ea(,3.92/lb),,
10527,Earth's Best Organic Sweet Potato & Chicken Dinner Baby Food,Earth's Best Organic Sweet Potato & Chicken Dinner Baby Food,bby_natural,shop,4oz,"		$0.99/ea($3.96/lb)",0.99,ea(,3.96/lb),,
10528,Earth's Best Organic Sweet Potatoes Baby Food,Earth's Best Organic Sweet Potatoes Baby Food,bby_natural,shop,4oz,"		$0.99/ea($3.96/lb)",0.99,ea(,3.96/lb),,
10529,Earth's Best Organic Vegetable Beef Pilaf Baby Food,Earth's Best Organic Vegetable Beef Pilaf Baby Food,bby_natural,shop,6oz,"		$1.49/ea($3.92/lb)",1.49,ea(,3.92/lb),,
10530,Earth's Best Organic Vegetable Turkey Dinner Baby Food,Earth's Best Organic Vegetable Turkey Dinner Baby Food,bby_natural,shop,4oz,"		$0.99/ea($3.96/lb)",0.99,ea(,3.96/lb),,
10531,Earth's Best Organic Winter Squash Baby Food,Earth's Best Organic Winter Squash Baby Food,bby_natural,shop,4oz,"		$0.99/ea($3.96/lb)",0.99,ea(,3.96/lb),,
10536,"happyfamily happybaby Organic Stage 1 Starting Solids, Mango","happyfamily happybaby Organic Stage 1 Starting Solids, Mango",bby_natural,shop,3.5oz,"		$1.59/ea($7.23/lb)",1.59,ea(,7.23/lb),,
10537,"happyfamily happybaby Organic Stage 1 Starting Solids, Pear","happyfamily happybaby Organic Stage 1 Starting Solids, Pear",bby_natural,shop,3.5oz,"		$1.59/ea($7.23/lb)",1.59,ea(,7.23/lb),,
10538,happyfamily happybellies Organic Baby Cereal w/ DHA + Probiotic Immunity Support - Multi-Grain Cereal,happyfamily happybellies Organic Baby Cereal w/ DHA + Probiotic Immunity Support - Multi-Grain Cereal,bby_natural,shop,7oz,"		$4.29/ea($9.75/lb)",4.29,ea(,9.75/lb),,
10539,"happyfamily happybellies Organic Baby Cereal w/ DHA, Pre & Probiotic + Choline - Oatmeal Cereal","happyfamily happybellies Organic Baby Cereal w/ DHA, Pre & Probiotic + Choline - Oatmeal Cereal",bby_natural,shop,7oz,"		$4.29/ea($9.75/lb)",4.29,ea(,9.75/lb),,
10540,"happyfamily happymunchies Baked Cheddar, Broccoli & Kale Snack","happyfamily happymunchies Baked Cheddar, Broccoli & Kale Snack",bby_natural,shop,1.63oz,"		$3.59/ea($35.90/lb)",3.59,ea(,35.90/lb),,
10541,"happyfamily happymunchies Organic Cheese & Veggie Snack, Cheddar with Carrots","happyfamily happymunchies Organic Cheese & Veggie Snack, Cheddar with Carrots",bby_natural,shop,1.63oz,"		$3.59/ea($35.90/lb)",3.59,ea(,35.90/lb),,
10544,"happyfamily happypuffs Organic Gluten-Free Puffs, Green","happyfamily happypuffs Organic Gluten-Free Puffs, Green",bby_natural,shop,2.1oz,"		$3.69/ea($28.38/lb)",3.69,ea(,28.38/lb),,
10545,"happyfamily happypuffs Organic Puffs, Apple","happyfamily happypuffs Organic Puffs, Apple",bby_natural,shop,2.1oz,"		$3.69/ea($28.38/lb)",3.69,ea(,28.38/lb),,
10547,"happyfamily happytot Organic Mix Plus, Blueberry, Apple & Purple Carrot","happyfamily happytot Organic Mix Plus, Blueberry, Apple & Purple Carrot",bby_natural,shop,4.22oz,"		$2.49/ea($9.58/lb)",2.49,ea(,9.58/lb),,
10548,"happyfamily happytot Organic Mix Plus, Strawberry, Kiwi, Beet & Pear","happyfamily happytot Organic Mix Plus, Strawberry, Kiwi, Beet & Pear",bby_natural,shop,4.22oz,"		$2.49/ea($9.58/lb)",2.49,ea(,9.58/lb),,
10549,"happyfamily happytot Organic Mix, Apple & Butternut Squash","happyfamily happytot Organic Mix, Apple & Butternut Squash",bby_natural,shop,3.5oz,"		$1.59/ea($7.23/lb)",1.59,ea(,7.23/lb),,
10550,"happyfamily happytot Organic Mix, Apple, Spinach, Pea & Broccoli","happyfamily happytot Organic Mix, Apple, Spinach, Pea & Broccoli",bby_natural,shop,4.22oz,"		$1.59/ea($6.12/lb)",1.59,ea(,6.12/lb),,
10551,"happyfamily happytot Organic Morning Breakfast Blend, Apple Cinnamon, Yogurt & Oats","happyfamily happytot Organic Morning Breakfast Blend, Apple Cinnamon, Yogurt & Oats",bby_natural,shop,4oz,"		$1.59/ea($6.36/lb)",1.59,ea(,6.36/lb),,
10552,"happyfamily happytot Organic Morning Breakfast Blend, Banana, Blueberry, Yogurt & Oats","happyfamily happytot Organic Morning Breakfast Blend, Banana, Blueberry, Yogurt & Oats",bby_natural,shop,4oz,"		$1.59/ea($6.36/lb)",1.59,ea(,6.36/lb),,
10556,"Sprout Organic Baby Food, Harvest Vegetables & Apricot with Chicken, Stage 3","Sprout Organic Baby Food, Harvest Vegetables & Apricot with Chicken, Stage 3",bby_natural,shop,4.5oz," 	$2.23/ea $2.79Save 20%($7.96/lb)",2.23,ea ,2.79Save 20%(7.96/lb),7.96/lb),
10557,"Sprout Organic Baby Food, Market Vegetables & Pear with Turkey, Stage 3","Sprout Organic Baby Food, Market Vegetables & Pear with Turkey, Stage 3",bby_natural,shop,4.5oz," 	$2.23/ea $2.79Save 20%($7.96/lb)",2.23,ea ,2.79Save 20%(7.96/lb),7.96/lb),
10558,"Tom's of Maine Fluoride Children's Toothpaste, Silly Strawberry","Tom's of Maine Fluoride Children's Toothpaste, Silly Strawberry",bby_natural,shop,4.2oz,"		$3.69/ea",3.69,ea,,,
10559,"Babo Botanicals Baby 3-in-1 Calming Shampoo, Bubble Bath & Wash with Relaxing Lavender Meadowsweet","Babo Botanicals Baby 3-in-1 Calming Shampoo, Bubble Bath & Wash with Relaxing Lavender Meadowsweet",bby_natural,shop,15floz," 	$9.74/ea $12.99Save 25%($0.65/oz)",9.74,ea ,12.99Save 25%(0.65/oz),0.65/oz),
10560,"Babo Botanicals Clear Zinc Sport Stick Sunscreen for Extra Sensitive Skin, SPF 30, Fragrance Free","Babo Botanicals Clear Zinc Sport Stick Sunscreen for Extra Sensitive Skin, SPF 30, Fragrance Free",bby_natural,shop,0.6oz," 	$7.49/ea $9.99Save 25%($12.48/oz)",7.49,ea ,9.99Save 25%(12.48/oz),12.48/oz),
10561,"Babo Botanicals Clear Zinc Sunscreen for Extra Sensitive Skin, SPF 30, Fragrance Free","Babo Botanicals Clear Zinc Sunscreen for Extra Sensitive Skin, SPF 30, Fragrance Free",bby_natural,shop,3oz," 	$12.36/ea $16.49Save 25%($65.92/lb)",12.36,ea ,16.49Save 25%(65.92/lb),65.92/lb),
10562,Babo Botanicals Moisturizing Baby Shampoo & Wash with Comforting Oatmilk & Calendula,Babo Botanicals Moisturizing Baby Shampoo & Wash with Comforting Oatmilk & Calendula,bby_natural,shop,8floz," 	$8.99/ea $11.99Save 25%($1.12/oz)",8.99,ea ,11.99Save 25%(1.12/oz),1.12/oz),
10563,"Babo Botanicals Spf 30 Clear Zinc Sunscreen for Sensitive Skin, SPF 30","Babo Botanicals Spf 30 Clear Zinc Sunscreen for Sensitive Skin, SPF 30",bby_natural,shop,3oz," 	$11.99/ea $15.99Save 25%($63.95/lb)",11.99,ea ,15.99Save 25%(63.95/lb),63.95/lb),
10564,Bitsy's Brainfood Alphabet Shaped Smart Cookies Variety Snack Packs,Bitsy's Brainfood Alphabet Shaped Smart Cookies Variety Snack Packs,bby_natural,shop,6ct,"		$7.99/eaSave! 2 for $14.00($1.33/ct)",7.99,eaSave! 2 for ,14.00(1.33/ct),1.33/ct),
10565,California Baby Calming Aromatherapy Bubble Bath,California Baby Calming Aromatherapy Bubble Bath,bby_natural,shop,13oz,"		$13.99/ea($1.08/oz)",13.99,ea(,1.08/oz),,
10566,"California Baby SPF 30 Sunscreen, No Fragrance","California Baby SPF 30 Sunscreen, No Fragrance",bby_natural,shop,2.9oz,"		$19.99/ea($6.89/oz)",19.99,ea(,6.89/oz),,
10567,"California Baby Super Sensitive Shampoo & Bodywash, No Fragrance","California Baby Super Sensitive Shampoo & Bodywash, No Fragrance",bby_natural,shop,8.5oz,"		$11.99/ea($1.41/oz)",11.99,ea(,1.41/oz),,
10568,"Earth's Best Chlorine-Free Diapers Size 3, 16-28lb","Earth's Best Chlorine-Free Diapers Size 3, 16-28lb",bby_natural,shop,35ct,"		$11.99/ea($0.34/ct)",11.99,ea(,0.34/ct),,
10569,Earth's Best Organic Antioxidant Blends Variety Pack,Earth's Best Organic Antioxidant Blends Variety Pack,bby_natural,shop,12 jars (4oz each),"		$11.49/ea($3.83/lb)",11.49,ea(,3.83/lb),,
10570,"Earth's Best Organic Baby Food Fruit Starter Kit: Apples, Pears, Bananas","Earth's Best Organic Baby Food Fruit Starter Kit: Apples, Pears, Bananas",bby_natural,shop,12 - 2.5oz jars,"		$9.99/ea($5.31/lb)",9.99,ea(,5.31/lb),,
10571,"Earth's Best Organic Baby Food Vegetable Starter Kit: Peas, Sw. Potatoes, Carrots","Earth's Best Organic Baby Food Vegetable Starter Kit: Peas, Sw. Potatoes, Carrots",bby_natural,shop,12 - 2.5oz jars,"		$9.99/ea($5.31/lb)",9.99,ea(,5.31/lb),,
10577,Earth's Best Organic Infant Formula with Iron - Powdered,Earth's Best Organic Infant Formula with Iron - Powdered,bby_natural,shop,25.75oz,"		$29.99/ea($18.63/lb)",29.99,ea(,18.63/lb),,
10580,"happyfamily happybaby Organic Stage 2 Simple Combos, Broccoli, Pear & Pea","happyfamily happybaby Organic Stage 2 Simple Combos, Broccoli, Pear & Pea",bby_natural,shop,"4ct, 3.5oz ea","		$6.99/ea($7.99/lb)",6.99,ea(,7.99/lb),,
10581,"happyfamily happybaby Stage 2 Organic Apple, Spinach & Kale","happyfamily happybaby Stage 2 Organic Apple, Spinach & Kale",bby_natural,shop,"4ct, 3.5oz ea","		$6.99/ea($7.99/lb)",6.99,ea(,7.99/lb),,
10582,"happyfamily happybaby Stage 2 Organic Banana, Beet & Blueberry","happyfamily happybaby Stage 2 Organic Banana, Beet & Blueberry",bby_natural,shop,"4ct, 3.5oz ea","		$6.99/ea($7.99/lb)",6.99,ea(,7.99/lb),,
10583,"happyfamily happybaby Stage 2 Organic Grains, Apple, Raspberry, Amaranth & Kale","happyfamily happybaby Stage 2 Organic Grains, Apple, Raspberry, Amaranth & Kale",bby_natural,shop,3.5oz,"		$1.99/ea($9.05/lb)",1.99,ea(,9.05/lb),,
10584,"happyfamily happybaby Stage 2 Organic Grains, Banana, Plum, Sweet Potato, & Oats","happyfamily happybaby Stage 2 Organic Grains, Banana, Plum, Sweet Potato, & Oats",bby_natural,shop,3.5oz,"		$1.99/ea($9.05/lb)",1.99,ea(,9.05/lb),,
10585,"happyfamily happybaby Stage 2 Organic Pumpkin, Apple, Peach & Cinnamon","happyfamily happybaby Stage 2 Organic Pumpkin, Apple, Peach & Cinnamon",bby_natural,shop,"4ct, 3.5oz ea","		$6.99/ea($7.99/lb)",6.99,ea(,7.99/lb),,
10586,"happyfamily happybaby Stage 2 Organic Spinach, Mango & Pear","happyfamily happybaby Stage 2 Organic Spinach, Mango & Pear",bby_natural,shop,"4ct, 3.5oz ea","		$6.99/ea($7.99/lb)",6.99,ea(,7.99/lb),,
10587,"happyfamily happycreamies Organic Dairy-Free Snacks, Apple, Spinach, Pea & Kiwi","happyfamily happycreamies Organic Dairy-Free Snacks, Apple, Spinach, Pea & Kiwi",bby_natural,shop,1oz,"		$3.99/ea($3.99/oz)",3.99,ea(,3.99/oz),,
10589,"happyfamily happytot Fiber & Protein Organic Pear, Blueberry & Spinach","happyfamily happytot Fiber & Protein Organic Pear, Blueberry & Spinach",bby_natural,shop,4oz,"		$2.19/ea($8.76/lb)",2.19,ea(,8.76/lb),,
10590,"happyfamily happytot Fiber & Protein Organic Pear, Raspberry, Butternut Squash & Carrot","happyfamily happytot Fiber & Protein Organic Pear, Raspberry, Butternut Squash & Carrot",bby_natural,shop,4oz,"		$2.19/ea($8.76/lb)",2.19,ea(,8.76/lb),,
10591,happyfamily happytot Grow & Shine Organic Toddler Milk Powder,happyfamily happytot Grow & Shine Organic Toddler Milk Powder,bby_natural,shop,23.2oz,"		$32.99/ea($22.75/lb)",32.99,ea(,22.75/lb),,
10592,"Plum Organics  Fruit Mashups, Apple","Plum Organics  Fruit Mashups, Apple",bby_natural,shop,"4ct, 3.17oz ea","		$4.99/eaAny 2 select Plum items for $9.00Mix'n'Match",4.99,eaAny 2 select Plum items for ,9.00Mix'n'Match,,
10593,"Plum Organics  Go Bar, Chewy Oat Bar With Veggies, Chocolate Brownie","Plum Organics  Go Bar, Chewy Oat Bar With Veggies, Chocolate Brownie",bby_natural,shop,"6ct, 1.27oz ea","		$4.99/eaAny 2 select Plum items for $9.00($10.40/lb)Mix'n'Match",4.99,eaAny 2 select Plum items for ,9.00(10.40/lb)Mix'n'Match,10.40/lb)Mix'n'Match,
10594,"Plum Organics  Go Bar, Chewy Oat Bar With Veggies, Chocolate Chip","Plum Organics  Go Bar, Chewy Oat Bar With Veggies, Chocolate Chip",bby_natural,shop,"6ct, 1.27oz ea","		$4.99/eaAny 2 select Plum items for $9.00($10.40/lb)Mix'n'Match",4.99,eaAny 2 select Plum items for ,9.00(10.40/lb)Mix'n'Match,10.40/lb)Mix'n'Match,
10595,"Plum Organics  Go Bar, Chewy Oat Bar With Veggies, Snickerdoodle","Plum Organics  Go Bar, Chewy Oat Bar With Veggies, Snickerdoodle",bby_natural,shop,"6ct, 1.27oz ea","		$4.99/eaAny 2 select Plum items for $9.00($10.40/lb)Mix'n'Match",4.99,eaAny 2 select Plum items for ,9.00(10.40/lb)Mix'n'Match,10.40/lb)Mix'n'Match,
10597,"Plum Organics  Mighty 4 Blend, Purple Carrot, Blackberry, Quinoa & Greek Yogurt","Plum Organics  Mighty 4 Blend, Purple Carrot, Blackberry, Quinoa & Greek Yogurt",bby_natural,shop,4oz,"		$1.69/ea",1.69,ea,,,
10598,"Plum Organics  Mighty 4 Blend, Sweet Potato, Blueberry, Millet & Greek Yogurt","Plum Organics  Mighty 4 Blend, Sweet Potato, Blueberry, Millet & Greek Yogurt",bby_natural,shop,4oz,"		$1.69/ea",1.69,ea,,,
10599,"Plum Organics  Mighty 4 Nutrition Bar, Blueberry With Carrot","Plum Organics  Mighty 4 Nutrition Bar, Blueberry With Carrot",bby_natural,shop,"6ct, 0.67oz ea","		$4.99/eaAny 2 select Plum items for $9.00($19.96/lb)Mix'n'Match",4.99,eaAny 2 select Plum items for ,9.00(19.96/lb)Mix'n'Match,19.96/lb)Mix'n'Match,
10600,"Plum Organics  Mighty 4 Nutrition Bar, Strawberry With Spinach","Plum Organics  Mighty 4 Nutrition Bar, Strawberry With Spinach",bby_natural,shop,"6ct, 0.67oz ea","		$4.99/eaAny 2 select Plum items for $9.00($19.96/lb)Mix'n'Match",4.99,eaAny 2 select Plum items for ,9.00(19.96/lb)Mix'n'Match,19.96/lb)Mix'n'Match,
10601,"Plum Organics  Second Blends, Hearty Veggie Meal, Butternut Squash, Carrot & Chickpea","Plum Organics  Second Blends, Hearty Veggie Meal, Butternut Squash, Carrot & Chickpea",bby_natural,shop,3.5oz,"		$1.69/ea",1.69,ea,,,
10602,"Plum Organics  Second Blends, Hearty Veggie Meal, Kale, Sweet Corn & Quinoa","Plum Organics  Second Blends, Hearty Veggie Meal, Kale, Sweet Corn & Quinoa",bby_natural,shop,3.5oz,"		$1.69/ea",1.69,ea,,,
10603,"Plum Organics  Second Blends, Hearty Veggie Meal, Spinach, Pumpkin & Chickpea","Plum Organics  Second Blends, Hearty Veggie Meal, Spinach, Pumpkin & Chickpea",bby_natural,shop,3.5oz,"		$1.69/ea",1.69,ea,,,
10604,"Plum Organics  Second Blends, World Baby, Beans & Rice With Sweet Corn","Plum Organics  Second Blends, World Baby, Beans & Rice With Sweet Corn",bby_natural,shop,3.5oz,"		$1.69/ea",1.69,ea,,,
10605,"Plum Organics  Second Blends, World Baby, Roasted Pumpkin & Coconut Rice","Plum Organics  Second Blends, World Baby, Roasted Pumpkin & Coconut Rice",bby_natural,shop,3.5oz,"		$1.69/ea",1.69,ea,,,
10606,"Plum Organics  Second Blends, World Baby, Zucchini & Spinach With Pasta Marinara","Plum Organics  Second Blends, World Baby, Zucchini & Spinach With Pasta Marinara",bby_natural,shop,3.5oz,"		$1.69/ea",1.69,ea,,,
10607,"Seventh Generation Baby Free & Clear Training Pants, Size 2T-3T, to 34lb Unisex","Seventh Generation Baby Free & Clear Training Pants, Size 2T-3T, to 34lb Unisex",bby_natural,shop,25ct," 	$11.04/ea $12.99Any 2 Training Pants for $20.78($0.44/ct)Mix'n'Match",11.04,ea ,12.99Any 2 Training Pants for 20.78(0.44/ct)Mix'n'Match,20.78(,0.44/ct)Mix'n'Match
10608,"Seventh Generation Baby Free & Clear Training Pants, Size 3T-4T, 32-40lb Unisex","Seventh Generation Baby Free & Clear Training Pants, Size 3T-4T, 32-40lb Unisex",bby_natural,shop,22ct," 	$11.04/ea $12.99Any 2 Training Pants for $20.78($0.50/ct)Mix'n'Match",11.04,ea ,12.99Any 2 Training Pants for 20.78(0.50/ct)Mix'n'Match,20.78(,0.50/ct)Mix'n'Match
10609,"Seventh Generation Baby Free & Clear Training Pants, Size 4T-5T, 38lb+ Unisex","Seventh Generation Baby Free & Clear Training Pants, Size 4T-5T, 38lb+ Unisex",bby_natural,shop,17ct," 	$11.04/ea $12.99Any 2 Training Pants for $20.78($0.65/ct)Mix'n'Match",11.04,ea ,12.99Any 2 Training Pants for 20.78(0.65/ct)Mix'n'Match,20.78(,0.65/ct)Mix'n'Match
10610,"Sprout Organic Baby Food, Apple & Blueberry, Stage 2","Sprout Organic Baby Food, Apple & Blueberry, Stage 2",bby_natural,shop,4oz," 	$1.91/ea $2.39Save 20%($7.64/lb)",1.91,ea ,2.39Save 20%(7.64/lb),7.64/lb),
10611,"Sprout Organic Baby Food, Banana Brown Rice with Cinnamon, Stage 2","Sprout Organic Baby Food, Banana Brown Rice with Cinnamon, Stage 2",bby_natural,shop,4oz," 	$1.91/ea $2.39Save 20%($7.64/lb)",1.91,ea ,2.39Save 20%(7.64/lb),7.64/lb),
10612,"Sprout Organic Baby Food, Butternut Squash Oatmeal with Maple, Stage 2","Sprout Organic Baby Food, Butternut Squash Oatmeal with Maple, Stage 2",bby_natural,shop,4oz," 	$1.91/ea $2.39Save 20%($7.64/lb)",1.91,ea ,2.39Save 20%(7.64/lb),7.64/lb),
10613,"Sprout Organic Baby Food, Creamy Vegetables with Chicken, Stage 3","Sprout Organic Baby Food, Creamy Vegetables with Chicken, Stage 3",bby_natural,shop,4.5oz," 	$2.23/ea $2.79Save 20%($7.96/lb)",2.23,ea ,2.79Save 20%(7.96/lb),7.96/lb),
10614,Earth's Best Organic Soy Infant Formula with Iron - Powdered,Earth's Best Organic Soy Infant Formula with Iron - Powdered,bby_natural,shop,25.75oz," 	$0.00/null $29.99($0.00/lb)",0,null ,29.99(0.00/lb),0.00/lb),
10615,"Earth's Best Organic World Foods Turkey, Red Beans And Brown Rice Puree","Earth's Best Organic World Foods Turkey, Red Beans And Brown Rice Puree",bby_natural,shop,3.5oz," 	$0.00/null $1.69($0.00/lb)",0,null ,1.69(0.00/lb),0.00/lb),
10616,"happyfamily happycreamies Organic Dairy-Free Snacks, Strawberry, Raspberry & Carrot","happyfamily happycreamies Organic Dairy-Free Snacks, Strawberry, Raspberry & Carrot",bby_natural,shop,1oz,"		$0.00/null($0.00/oz)",0,null(,0.00/oz),,
10620,"Sprout Organic Baby Food, Butternut Squash, White Beans, Spinach & Amaranth, Stage 2","Sprout Organic Baby Food, Butternut Squash, White Beans, Spinach & Amaranth, Stage 2",bby_natural,shop,4oz," 	$0.00/null $2.39($0.00/lb)",0,null ,2.39(0.00/lb),0.00/lb),
10621,"Sprout Organic Baby Food, Garden Vegetables & Brown Rice with Turkey, Stage 3","Sprout Organic Baby Food, Garden Vegetables & Brown Rice with Turkey, Stage 3",bby_natural,shop,4.5oz," 	$0.00/null $2.79($0.00/lb)",0,null ,2.79(0.00/lb),0.00/lb),
10622,"Sprout Organic Baby Food, Sweet Potato, Apple, Grape & Spinach, Stage 2","Sprout Organic Baby Food, Sweet Potato, Apple, Grape & Spinach, Stage 2",bby_natural,shop,4oz," 	$0.00/null $2.39($0.00/lb)",0,null ,2.39(0.00/lb),0.00/lb),
10625,FreshDirect Quiche Lorraine,FreshDirect Quiche Lorraine,hmr_potquiche,meals,"9"", 1.8lb","		$10.99/ea($6.11/lb)",10.99,ea(,6.11/lb),,
10629,FreshDirect Roasted Southwestern Veggie Quiche,FreshDirect Roasted Southwestern Veggie Quiche,hmr_potquiche,meals,"9"", 1.75lb","		$10.99/ea($6.28/lb)",10.99,ea(,6.28/lb),,
10632,Alfasi Pinot Noir Reserva,Alfasi Pinot Noir Reserva,vin_kosher,shop,750ml,"		$9.99/ea($13.32/l)",9.99,ea(,13.32/l),,
10633,Alfasi Reserve Malbec-Syrah,Alfasi Reserve Malbec-Syrah,vin_kosher,shop,750ml,"		$11.99/ea($15.99/l)",11.99,ea(,15.99/l),,
10636,Alfasi Cabernet Sauvignon Reserve,Alfasi Cabernet Sauvignon Reserve,vin_kosher,shop,750ml,"		$11.99/ea($15.99/l)",11.99,ea(,15.99/l),,
10637,Alfasi Merlot ,Alfasi Merlot ,vin_kosher,shop,750ml,"		$11.99/ea($15.99/l)",11.99,ea(,15.99/l),,
10638,Baron Herzog Cabernet Sauvignon Alexander Valley Special Reserve,Baron Herzog Cabernet Sauvignon Alexander Valley Special Reserve,vin_kosher,shop,750ml,"		$34.99/ea($46.65/l)",34.99,ea(,46.65/l),,
10641,Bartenura Moscato,Bartenura Moscato,vin_kosher,shop,750ml,"		$13.99/ea($18.65/l)",13.99,ea(,18.65/l),,
10642,Bartenura Prosecco,Bartenura Prosecco,vin_kosher,shop,750ml,"		$15.99/ea($21.32/l)",15.99,ea(,21.32/l),,
10646,Capçanes Peraj Petita,Capçanes Peraj Petita,vin_kosher,shop,750ml,"		$19.99/ea($26.65/l)",19.99,ea(,26.65/l),,
10647,Goose Bay Pinot Noir,Goose Bay Pinot Noir,vin_kosher,shop,750ml,"		$22.99/ea($30.65/l)",22.99,ea(,30.65/l),,
10651,Ramon Cardova Rioja,Ramon Cardova Rioja,vin_kosher,shop,750ml,"		$15.99/ea($21.32/l)",15.99,ea(,21.32/l),,
10652,Segal's Fusion Dry Red Wine,Segal's Fusion Dry Red Wine,vin_kosher,shop,750ml,"		$16.99/ea($22.65/l)",16.99,ea(,22.65/l),,
10654,Teal Lake Shiraz,Teal Lake Shiraz,vin_kosher,shop,750ml,"		$13.99/ea($18.65/l)",13.99,ea(,18.65/l),,
10656,Yatir Red Wine,Yatir Red Wine,vin_kosher,shop,750ml,"		$38.99/ea($51.99/l)",38.99,ea(,51.99/l),,
10658,"Yellow Bananas, Bunch","Yellow Bananas, Bunch",ban,fruit,(approx. 5-7 bananas),"		$1.99/bunch",1.99,bunch,,,
10659,"FreshDirect Cinnamon Scones, Frozen, Ready-to-Bake","FreshDirect Cinnamon Scones, Frozen, Ready-to-Bake",ban,fruit,4pk,"		$5.99/4pk($1.50/ct)",5.99,4pk(,1.50/ct),,
10660,Yellow Bananas,Yellow Bananas,ban,fruit,12.3oz,"		$0.88/lb",0.88,lb,,,
10662,"Interrupcion Fair Trade Organic Bananas, Bunch","Interrupcion Fair Trade Organic Bananas, Bunch",ban,fruit,(approx. 5-7 bananas),"		$2.99/bunch",2.99,bunch,,,
10663,"Just FreshDirect Local Nonfat Greek Yogurt, Vanilla","Just FreshDirect Local Nonfat Greek Yogurt, Vanilla",ban,fruit,32oz,"		$5.99/ea($3.00/lb)",5.99,ea(,3.00/lb),,
10664,Organic Yellow Bananas,Organic Yellow Bananas,ban,fruit,NA,"		$0.99/lb",0.99,lb,,,
10665,Green  Plantains,Green  Plantains,ban,fruit,NA,"		$0.99/ea",0.99,ea,,,
10668,Yellow Plantains,Yellow Plantains,ban,fruit,NA,"		$1.49/ea",1.49,ea,,,
10670,Asher's Dark Chocolate Smothered Pretzels,Asher's Dark Chocolate Smothered Pretzels,gro_candy,pantry,6.5oz,"		$6.49/ea($15.83/lb)",6.49,ea(,15.83/lb),,
10673,Haribo Gold-Bears Gummi Candy,Haribo Gold-Bears Gummi Candy,gro_candy,pantry,5oz,"		$1.29/ea($4.16/lb)",1.29,ea(,4.16/lb),,
10674,Hershey's Assorted Miniatures Chocolate Bars,Hershey's Assorted Miniatures Chocolate Bars,gro_candy,pantry,13oz,"		$4.29/ea($5.30/lb)",4.29,ea(,5.30/lb),,
10676,Kit Kat Snack Size Chocolate Bars,Kit Kat Snack Size Chocolate Bars,gro_candy,pantry,10.78oz,"		$4.29/ea($6.40/lb)",4.29,ea(,6.40/lb),,
10677,Orbit Peppermint Gum,Orbit Peppermint Gum,gro_candy,pantry,3 pack (14pcs per pack),"		$3.19/ea($0.08/ct)",3.19,ea(,0.08/ct),,
10678,Asher's Dark Chocolate Smothered Graham Crackers,Asher's Dark Chocolate Smothered Graham Crackers,gro_candy,pantry,7.15oz,"		$6.49/ea($14.42/lb)",6.49,ea(,14.42/lb),,
10679,Asher's Milk Chocolate Smothered Pretzels,Asher's Milk Chocolate Smothered Pretzels,gro_candy,pantry,6.5oz,"		$6.49/ea($15.83/lb)",6.49,ea(,15.83/lb),,
10680,Brookside Dark Chocolate Açai & Blueberry Flavors,Brookside Dark Chocolate Açai & Blueberry Flavors,gro_candy,pantry,7oz,"		$4.99/ea($11.34/lb)",4.99,ea(,11.34/lb),,
10681,Brookside Dark Chocolate Pomegranate & Fruit Flavors,Brookside Dark Chocolate Pomegranate & Fruit Flavors,gro_candy,pantry,7oz,"		$4.99/ea($11.34/lb)",4.99,ea(,11.34/lb),,
10682,Eclipse Spearmint Gum,Eclipse Spearmint Gum,gro_candy,pantry,3 pack (18pcs per pack),"		$3.19/ea($0.06/ct)",3.19,ea(,0.06/ct),,
10685,"M&M;'s Chocolate Candies, Milk Chocolate","M&M;'s Chocolate Candies, Milk Chocolate",gro_candy,pantry,11.4oz,"		$3.99/ea($5.62/lb)",3.99,ea(,5.62/lb),,
10686,"M&M;'s Chocolate Candies, Peanut","M&M;'s Chocolate Candies, Peanut",gro_candy,pantry,19.2oz,"		$5.99/ea($4.99/lb)",5.99,ea(,4.99/lb),,
10687,Orbit Bubblemint Gum,Orbit Bubblemint Gum,gro_candy,pantry,3 pack (14pcs per pack),"		$3.19/ea($0.08/ct)",3.19,ea(,0.08/ct),,
10688,Orbit Wintermint Gum,Orbit Wintermint Gum,gro_candy,pantry,3 pack (14pcs per pack),"		$3.19/ea($0.08/ct)",3.19,ea(,0.08/ct),,
10689,Reese's Peanut Butter Cup Miniatures,Reese's Peanut Butter Cup Miniatures,gro_candy,pantry,12oz,"		$4.29/ea($5.72/lb)",4.29,ea(,5.72/lb),,
10690,"Scharffen Berger Extra Dark, Fine Artisan Dark Chocolate","Scharffen Berger Extra Dark, Fine Artisan Dark Chocolate",gro_candy,pantry,3oz,"		$3.99/ea($21.00/lb)",3.99,ea(,21.00/lb),,
10691,Snickers Mini Chocolate Bars,Snickers Mini Chocolate Bars,gro_candy,pantry,11.18oz (18ct),"		$4.29/ea($6.13/lb)",4.29,ea(,6.13/lb),,
10692,Swedish Fish,Swedish Fish,gro_candy,pantry,8oz,"		$2.29/ea($4.58/lb)",2.29,ea(,4.58/lb),,
10693,Twizzlers Strawberry Licorice Twists,Twizzlers Strawberry Licorice Twists,gro_candy,pantry,16oz,"		$2.49/ea($2.49/lb)",2.49,ea(,2.49/lb),,
10694,Vivani Organic 72% Dark Chocolate Bar,Vivani Organic 72% Dark Chocolate Bar,gro_candy,pantry,3.5oz,"		$2.89/ea($13.14/lb)",2.89,ea(,13.14/lb),,
10695,21st Century Snack Foods Dark Chocolate Non-Pareils,21st Century Snack Foods Dark Chocolate Non-Pareils,gro_candy,pantry,9oz,"		$4.69/ea($8.38/lb)",4.69,ea(,8.38/lb),,
10696,Altoids Curiously Strong Peppermints,Altoids Curiously Strong Peppermints,gro_candy,pantry,1.76oz,"		$2.19/ea($19.91/lb)",2.19,ea(,19.91/lb),,
10697,Asher's Milk Chocolate Smothered Graham Crackers,Asher's Milk Chocolate Smothered Graham Crackers,gro_candy,pantry,7.15oz,"		$6.49/ea($14.42/lb)",6.49,ea(,14.42/lb),,
10698,Brachs Candy Corn,Brachs Candy Corn,gro_candy,pantry,12oz,"		$1.99/ea($2.65/lb)",1.99,ea(,2.65/lb),,
10699,Eclipse Winterfrost Gum,Eclipse Winterfrost Gum,gro_candy,pantry,3 pack (18pcs per pack),"		$3.19/ea($5.91/ct)",3.19,ea(,5.91/ct),,
10702,Haribo Happy Cola Gummi Candy,Haribo Happy Cola Gummi Candy,gro_candy,pantry,5oz,"		$1.29/ea($4.16/lb)",1.29,ea(,4.16/lb),,
10703,Hershey's Almond Joy Snack Size,Hershey's Almond Joy Snack Size,gro_candy,pantry,11.3oz,"		$4.59/ea($6.46/lb)",4.59,ea(,6.46/lb),,
10704,Hershey's Cadbury Dairy Milk Chocolate Bar,Hershey's Cadbury Dairy Milk Chocolate Bar,gro_candy,pantry,3.5oz,"		$2.29/ea($10.41/lb)",2.29,ea(,10.41/lb),,
10705,Hershey's Cadbury Fruit & Nut Milk Chocolate Bar with Raisins and Almonds,Hershey's Cadbury Fruit & Nut Milk Chocolate Bar with Raisins and Almonds,gro_candy,pantry,3.5oz,"		$2.29/ea($10.41/lb)",2.29,ea(,10.41/lb),,
10706,Hershey's Cadbury Royal Dark Chocolate Bar,Hershey's Cadbury Royal Dark Chocolate Bar,gro_candy,pantry,3.5oz,"		$2.29/ea($10.41/lb)",2.29,ea(,10.41/lb),,
10707,Hershey's Kit Kat Minis,Hershey's Kit Kat Minis,gro_candy,pantry,5.82oz,"		$3.99/ea($11.08/lb)",3.99,ea(,11.08/lb),,
10708,"Hershey's Reese's Peanut Butter Cups, Snack Size","Hershey's Reese's Peanut Butter Cups, Snack Size",gro_candy,pantry,10.5oz,"		$4.99/ea($7.56/lb)",4.99,ea(,7.56/lb),,
10709,Jelly Belly 30-Flavor,Jelly Belly 30-Flavor,gro_candy,pantry,7oz,"		$3.69/ea($8.39/lb)",3.69,ea(,8.39/lb),,
10710,Kraft Caramels,Kraft Caramels,gro_candy,pantry,11oz,"		$2.69/ea($3.90/lb)",2.69,ea(,3.90/lb),,
10711,"M&M;'s Chocolate Candies, Peanut","M&M;'s Chocolate Candies, Peanut",gro_candy,pantry,11.4oz,"		$3.99/ea($5.62/lb)",3.99,ea(,5.62/lb),,
10712,"M&M;'s Chocolate Candies, Peanut Butter","M&M;'s Chocolate Candies, Peanut Butter",gro_candy,pantry,10.2oz,"		$3.99/ea($6.23/lb)",3.99,ea(,6.23/lb),,
10713,"M&M;'s Chocolate Candies, Pretzel","M&M;'s Chocolate Candies, Pretzel",gro_candy,pantry,9.9oz,"		$4.29/ea($6.92/lb)",4.29,ea(,6.92/lb),,
10714,Milky Way Fun Size Chocolate Bars,Milky Way Fun Size Chocolate Bars,gro_candy,pantry,11.24oz (18ct),"		$4.29/ea($6.13/lb)",4.29,ea(,6.13/lb),,
10715,Reese's Unwrapped Mini Peanut Butter Cups,Reese's Unwrapped Mini Peanut Butter Cups,gro_candy,pantry,8oz,"		$3.99/ea($7.98/lb)",3.99,ea(,7.98/lb),,
10716,Ritter Sport Alpine Milk Chocolate,Ritter Sport Alpine Milk Chocolate,gro_candy,pantry,3.5oz,"		$2.99/ea($13.59/lb)",2.99,ea(,13.59/lb),,
10717,Ritter Sport Bittersweet Chocolate with Marzipan,Ritter Sport Bittersweet Chocolate with Marzipan,gro_candy,pantry,3.5oz,"		$2.99/ea($13.59/lb)",2.99,ea(,13.59/lb),,
10719,"Scharffen Berger Extra Rich Milk, Fine Artisan Chocolate","Scharffen Berger Extra Rich Milk, Fine Artisan Chocolate",gro_candy,pantry,3oz,"		$3.99/ea($21.00/lb)",3.99,ea(,21.00/lb),,
10721,Sour Patch Kids,Sour Patch Kids,gro_candy,pantry,8oz,"		$2.29/ea($4.58/lb)",2.29,ea(,4.58/lb),,
10722,21st Century Snack Foods Gourmet Dark Chocolate Platter,21st Century Snack Foods Gourmet Dark Chocolate Platter,gro_candy,pantry,24oz,"		$14.99/ea($9.99/lb)",14.99,ea(,9.99/lb),,
10723,Antica Dolceria Bonajuto 1880 Dark Chocolates with Cocoa Nibs,Antica Dolceria Bonajuto 1880 Dark Chocolates with Cocoa Nibs,gro_candy,pantry,"6ct, 1.1oz","		$7.99/ea($114.14/lb)",7.99,ea(,114.14/lb),,
10724,"Antica Dolceria Bonajuto Dark Chocolate Bar, 100% Cocoa Mass","Antica Dolceria Bonajuto Dark Chocolate Bar, 100% Cocoa Mass",gro_candy,pantry,1.76oz,"		$3.99/ea($36.27/lb)",3.99,ea(,36.27/lb),,
10725,"Antica Dolceria Bonajuto Dark Chocolate Bar, 70% Cocoa Mass","Antica Dolceria Bonajuto Dark Chocolate Bar, 70% Cocoa Mass",gro_candy,pantry,1.76oz,"		$3.99/ea($36.27/lb)",3.99,ea(,36.27/lb),,
10726,"Antica Dolceria Bonajuto Dark Chocolate Bar, Cardamom","Antica Dolceria Bonajuto Dark Chocolate Bar, Cardamom",gro_candy,pantry,1.76oz,"		$3.99/ea($36.27/lb)",3.99,ea(,36.27/lb),,
10727,"Antica Dolceria Bonajuto Dark Chocolate Bar, Cinnamon","Antica Dolceria Bonajuto Dark Chocolate Bar, Cinnamon",gro_candy,pantry,3.5oz,"		$4.99/ea($22.68/lb)",4.99,ea(,22.68/lb),,
10728,"Antica Dolceria Bonajuto Dark Chocolate Bar, Nutmeg","Antica Dolceria Bonajuto Dark Chocolate Bar, Nutmeg",gro_candy,pantry,1.76oz,"		$3.99/ea($36.27/lb)",3.99,ea(,36.27/lb),,
10729,"Antica Dolceria Bonajuto Dark Chocolate Bar, Salt","Antica Dolceria Bonajuto Dark Chocolate Bar, Salt",gro_candy,pantry,1.76oz,"		$3.99/ea($36.27/lb)",3.99,ea(,36.27/lb),,
10730,"Antica Dolceria Bonajuto Dark Chocolate Bar, Vanilla","Antica Dolceria Bonajuto Dark Chocolate Bar, Vanilla",gro_candy,pantry,3.5oz,"		$4.99/ea($22.68/lb)",4.99,ea(,22.68/lb),,
10731,Antica Dolceria Bonajuto Xocoatl Dark Chocolates with Chili Pepper,Antica Dolceria Bonajuto Xocoatl Dark Chocolates with Chili Pepper,gro_candy,pantry,"6ct, 1.1oz","		$7.99/ea($19.49/lb)",7.99,ea(,19.49/lb),,
10732,Brookside Dark Chocolate Goji & Raspberry Flavors,Brookside Dark Chocolate Goji & Raspberry Flavors,gro_candy,pantry,7oz,"		$4.99/ea($11.34/lb)",4.99,ea(,11.34/lb),,
10734,Elite Milk Chocolate Bar,Elite Milk Chocolate Bar,gro_candy,pantry,3oz,"		$1.69/ea($8.89/lb)",1.69,ea(,8.89/lb),,
10735,Ferrero Nutella & Go Hazelnut Spread +  Breadsticks,Ferrero Nutella & Go Hazelnut Spread +  Breadsticks,gro_candy,pantry,1.8oz,"		$1.49/ea($13.30/lb)",1.49,ea(,13.30/lb),,
10743,Hershey's Cabdury Roast Almond Milk Chocolate Bar,Hershey's Cabdury Roast Almond Milk Chocolate Bar,gro_candy,pantry,3.5oz,"		$2.29/ea($10.41/lb)",2.29,ea(,10.41/lb),,
10744,Hershey's Cookies 'N' Creme Drops,Hershey's Cookies 'N' Creme Drops,gro_candy,pantry,8oz,"		$3.99/ea($7.98/lb)",3.99,ea(,7.98/lb),,
10745,Hershey's Milk Chocolate Drops,Hershey's Milk Chocolate Drops,gro_candy,pantry,8oz,"		$3.99/ea($7.98/lb)",3.99,ea(,7.98/lb),,
10746,Hershey's Twizzlers Cherry Pull 'N' Peel,Hershey's Twizzlers Cherry Pull 'N' Peel,gro_candy,pantry,14oz,"		$2.69/ea($3.06/lb)",2.69,ea(,3.06/lb),,
10747,Jelly Belly Sours,Jelly Belly Sours,gro_candy,pantry,7oz,"		$3.69/ea($8.39/lb)",3.69,ea(,8.39/lb),,
10748,OCHO Candy The Organic Candy Bar Variety Pack,OCHO Candy The Organic Candy Bar Variety Pack,gro_candy,pantry,10ct,"		$14.99/ea($1.50/ct)",14.99,ea(,1.50/ct),,
10749,"OCHO Candy The Organic Candy Bar, Caramel Minis","OCHO Candy The Organic Candy Bar, Caramel Minis",gro_candy,pantry,8oz,"		$8.99/ea($17.98/lb)",8.99,ea(,17.98/lb),,
10750,"OCHO Candy The Organic Candy Bar, Coconut Minis","OCHO Candy The Organic Candy Bar, Coconut Minis",gro_candy,pantry,8oz,"		$8.99/ea($17.98/lb)",8.99,ea(,17.98/lb),,
10751,"OCHO Candy The Organic Candy Bar, Peanut Butter Minis","OCHO Candy The Organic Candy Bar, Peanut Butter Minis",gro_candy,pantry,8oz,"		$8.99/ea($17.98/lb)",8.99,ea(,17.98/lb),,
10752,"OCHO Candy The Organic Candy Bar, Peppermint Minis","OCHO Candy The Organic Candy Bar, Peppermint Minis",gro_candy,pantry,8oz,"		$8.99/ea($17.98/lb)",8.99,ea(,17.98/lb),,
10753,Ritter Sport Milk Chocolate with Almonds,Ritter Sport Milk Chocolate with Almonds,gro_candy,pantry,3.5oz,"		$2.99/ea($13.59/lb)",2.99,ea(,13.59/lb),,
10754,"York Peppermint Patties, Miniatures","York Peppermint Patties, Miniatures",gro_candy,pantry,11.4oz,"		$0.00/null",0,null,,,
10755,Hershey's Milk Chocolate Kisses,Hershey's Milk Chocolate Kisses,gro_candy,pantry,13oz,"		$0.00/null($0.00/lb)",0,null(,0.00/lb),,
10760,Hershey's Kisses Special Dark Mildy Sweet Chocolate,Hershey's Kisses Special Dark Mildy Sweet Chocolate,gro_candy,pantry,12oz,"		$0.00/null($0.00/lb)",0,null(,0.00/lb),,
10761,"Hershey's Milk Chocolate Bars, Snack Size","Hershey's Milk Chocolate Bars, Snack Size",gro_candy,pantry,10.35oz,"		$0.00/null($0.00/lb)",0,null(,0.00/lb),,
10762,"Reese's Peanut Butter Cups Miniatures & Kit Kat Crisp Wafers Minis Assortment Mix, Party Bag","Reese's Peanut Butter Cups Miniatures & Kit Kat Crisp Wafers Minis Assortment Mix, Party Bag",gro_candy,pantry,40oz,"		$0.00/null($0.00/lb)",0,null(,0.00/lb),,
10763,Ritter Sport Milk Chocolate with Whole Hazelnuts,Ritter Sport Milk Chocolate with Whole Hazelnuts,gro_candy,pantry,3.5oz,"		$0.00/null($0.00/lb)",0,null(,0.00/lb),,
10765,Elite Bittersweet Chocolate Bar,Elite Bittersweet Chocolate Bar,gro_candy,pantry,3oz,"		$0.00/null($0.00/lb)",0,null(,0.00/lb),,
10784,"Just FreshDirect Cheddar Cheese, Mild","Just FreshDirect Cheddar Cheese, Mild",che_our_favorite_cheese,cheese,8oz,"		$2.99/ea($5.98/lb)",2.99,ea(,5.98/lb),,
10785,"Just FreshDirect Reduced-Fat Cheddar Cheese, Sharp","Just FreshDirect Reduced-Fat Cheddar Cheese, Sharp",che_our_favorite_cheese,cheese,7oz,"		$2.99/ea($6.80/lb)",2.99,ea(,6.80/lb),,
10789,"Just FreshDirect Cheddar Cheese, 1 Year Aged","Just FreshDirect Cheddar Cheese, 1 Year Aged",che_our_favorite_cheese,cheese,8oz,"		$5.99/ea($11.98/lb)",5.99,ea(,11.98/lb),,
10811,Coca-Cola Zero,Coca-Cola Zero,bev_sale,shop,12oz cans 12pk," 	$5.09/ea $5.99Any 2 Varieties for $9.00($0.57/pt)Mix'n'Match",5.09,ea ,5.99Any 2 Varieties for 9.00(0.57/pt)Mix'n'Match,9.00(,0.57/pt)Mix'n'Match
10815,Coca-Cola Caffeine-Free Diet Coke,Coca-Cola Caffeine-Free Diet Coke,bev_sale,shop,12oz cans 12pk," 	$5.09/ea $5.99Any 2 Varieties for $9.00($0.57/pt)Mix'n'Match",5.09,ea ,5.99Any 2 Varieties for 9.00(0.57/pt)Mix'n'Match,9.00(,0.57/pt)Mix'n'Match
10819,Fresca Soda,Fresca Soda,bev_sale,shop,"12oz cans, 12pk"," 	$5.09/ea $5.99Any 2 Varieties for $9.00($0.57/pt)Mix'n'Match",5.09,ea ,5.99Any 2 Varieties for 9.00(0.57/pt)Mix'n'Match,9.00(,0.57/pt)Mix'n'Match
10823,Diet Sprite Zero Lemon-Lime Soda,Diet Sprite Zero Lemon-Lime Soda,bev_sale,shop,12oz cans 12pk," 	$5.09/ea $5.99Any 2 Varieties for $9.00($0.57/pt)Mix'n'Match",5.09,ea ,5.99Any 2 Varieties for 9.00(0.57/pt)Mix'n'Match,9.00(,0.57/pt)Mix'n'Match
10824,Dr Pepper Diet,Dr Pepper Diet,bev_sale,shop,12oz cans 12pk," 	$5.09/ea $5.99Any 2 Varieties for $9.00($0.57/pt)Mix'n'Match",5.09,ea ,5.99Any 2 Varieties for 9.00(0.57/pt)Mix'n'Match,9.00(,0.57/pt)Mix'n'Match
10825,FIJI Natural Artesian Water,FIJI Natural Artesian Water,bev_sale,shop,0.5 liter bottles 6pk," 	$5.69/ea $6.49Save 12%($0.90/pt)",5.69,ea ,6.49Save 12%(0.90/pt),0.90/pt),
10826,Nestlé Pure Life Purified Water,Nestlé Pure Life Purified Water,bev_sale,shop,"20ct, 16.9oz (0.5 L) ea"," 	$4.99/ea $5.99Save 16%($0.24/pt)",4.99,ea ,5.99Save 16%(0.24/pt),0.24/pt),
10828,"Poland Spring Sparkling Natural Spring Water, Raspberry Lime","Poland Spring Sparkling Natural Spring Water, Raspberry Lime",bev_sale,shop,"6pk, 0.5L ea"," 	$2.19/ea $3.29Save 32%($0.35/pt)",2.19,ea ,3.29Save 32%(0.35/pt),0.35/pt),
10829,Poland Spring Sparkling Water,Poland Spring Sparkling Water,bev_sale,shop,"6pk, 0.5L ea"," 	$2.49/ea $3.29Save 24%($0.39/pt)",2.49,ea ,3.29Save 24%(0.39/pt),0.39/pt),
10832,Coca-Cola Diet Coke with Lime,Coca-Cola Diet Coke with Lime,bev_sale,shop,12oz cans 12pk," 	$5.09/ea $5.99Any 2 Varieties for $9.00($0.57/pt)Mix'n'Match",5.09,ea ,5.99Any 2 Varieties for 9.00(0.57/pt)Mix'n'Match,9.00(,0.57/pt)Mix'n'Match
10833,Evian Spring Water Easy-to-Carry Pack,Evian Spring Water Easy-to-Carry Pack,bev_sale,shop,"500mL bottles, 6pk"," 	$5.09/ea $6.29Save 18%($0.80/pt)",5.09,ea ,6.29Save 18%(0.80/pt),0.80/pt),
10837,Martinelli's Gold Medal Sparkling Apple Cider,Martinelli's Gold Medal Sparkling Apple Cider,bev_sale,shop,25.4oz bottle," 	$2.79/ea $3.59Save 22%($1.75/pt)",2.79,ea ,3.59Save 22%(1.75/pt),1.75/pt),
10839,"Poland Spring Sparkling Natural Spring Water, Black Cherry","Poland Spring Sparkling Natural Spring Water, Black Cherry",bev_sale,shop,"6pk, 0.5L ea"," 	$2.19/ea $3.29Save 32%($0.35/pt)",2.19,ea ,3.29Save 32%(0.35/pt),0.35/pt),
10840,"Poland Spring Sparkling Natural Spring Water, Lemon Essence","Poland Spring Sparkling Natural Spring Water, Lemon Essence",bev_sale,shop,"6pk, 0.5liter ea"," 	$2.19/ea $3.29Save 32%($0.35/pt)",2.19,ea ,3.29Save 32%(0.35/pt),0.35/pt),
10841,"Poland Spring Sparkling Natural Spring Water, Lime Essence","Poland Spring Sparkling Natural Spring Water, Lime Essence",bev_sale,shop,"6pk, 0.5L ea"," 	$2.19/ea $3.29Save 32%($0.35/pt)",2.19,ea ,3.29Save 32%(0.35/pt),0.35/pt),
10842,"Poland Spring Sparkling Natural Spring Water, Mandarin Orange Essence","Poland Spring Sparkling Natural Spring Water, Mandarin Orange Essence",bev_sale,shop,"6pk, 0.5liter ea"," 	$2.19/ea $3.29Save 32%($0.35/pt)",2.19,ea ,3.29Save 32%(0.35/pt),0.35/pt),
10845,Sparkling Ice Black Raspberry Sparkling Mountain Spring Water,Sparkling Ice Black Raspberry Sparkling Mountain Spring Water,bev_sale,shop,17oz,"		$1.59/eaAny 2 varieties for $3.00($1.50/pt)Mix'n'Match",1.59,eaAny 2 varieties for ,3.00(1.50/pt)Mix'n'Match,1.50/pt)Mix'n'Match,
10846,Sparkling Ice Classic Lemonade Sparkling Mountain Spring Water,Sparkling Ice Classic Lemonade Sparkling Mountain Spring Water,bev_sale,shop,17oz,"		$1.59/eaAny 2 varieties for $3.00($1.50/pt)Mix'n'Match",1.59,eaAny 2 varieties for ,3.00(1.50/pt)Mix'n'Match,1.50/pt)Mix'n'Match,
10847,Sparkling Ice Pink Grapefruit Sparkling Mountain Spring Water,Sparkling Ice Pink Grapefruit Sparkling Mountain Spring Water,bev_sale,shop,17oz,"		$1.59/eaAny 2 varieties for $3.00($1.50/pt)Mix'n'Match",1.59,eaAny 2 varieties for ,3.00(1.50/pt)Mix'n'Match,1.50/pt)Mix'n'Match,
10848,Sprite Lemon-Lime Soda,Sprite Lemon-Lime Soda,bev_sale,shop,12oz cans 12pk," 	$5.09/ea $5.99Any 2 Varieties for $9.00($0.57/pt)Mix'n'Match",5.09,ea ,5.99Any 2 Varieties for 9.00(0.57/pt)Mix'n'Match,9.00(,0.57/pt)Mix'n'Match
10849,Stella Artois Lager,Stella Artois Lager,bev_sale,shop,12oz bottles 12pk," 	$16.99/ea $20.99Save 18%($1.89/pt)",16.99,ea ,20.99Save 18%(1.89/pt),1.89/pt),
10850,Turkey Hill Diet Green Tea with Ginseng & Honey,Turkey Hill Diet Green Tea with Ginseng & Honey,bev_sale,shop,64oz,"		$2.29/eaAny 2 Flavors for $4.00($0.38/pt)Mix'n'Match",2.29,eaAny 2 Flavors for ,4.00(0.38/pt)Mix'n'Match,0.38/pt)Mix'n'Match,
10851,Turkey Hill Diet Iced Tea,Turkey Hill Diet Iced Tea,bev_sale,shop,1.89 liter,"		$2.19/eaAny 2 Flavors for $4.00($0.55/pt)Mix'n'Match",2.19,eaAny 2 Flavors for ,4.00(0.55/pt)Mix'n'Match,0.55/pt)Mix'n'Match,
10852,"Turkey Hill Iced Tea, Lemon Flavored","Turkey Hill Iced Tea, Lemon Flavored",bev_sale,shop,64oz,"		$2.19/eaAny 2 Flavors for $4.00($0.36/pt)Mix'n'Match",2.19,eaAny 2 Flavors for ,4.00(0.36/pt)Mix'n'Match,0.36/pt)Mix'n'Match,
10853,vitaminwater zero go-go (mixed berry),vitaminwater zero go-go (mixed berry),bev_sale,shop,20oz," 	$1.09/ea $1.59Any 5 Flavors for $5.00($0.87/pt)Mix'n'Match",1.09,ea ,1.59Any 5 Flavors for 5.00(0.87/pt)Mix'n'Match,5.00(,0.87/pt)Mix'n'Match
10854,vitaminwater zero squeezed (lemonade),vitaminwater zero squeezed (lemonade),bev_sale,shop,20oz," 	$1.09/ea $1.59Any 5 Flavors for $5.00($0.87/pt)Mix'n'Match",1.09,ea ,1.59Any 5 Flavors for 5.00(0.87/pt)Mix'n'Match,5.00(,0.87/pt)Mix'n'Match
10855,Volvic Natural Spring Water,Volvic Natural Spring Water,bev_sale,shop,.5 liter bottles 6pk," 	$4.79/ea $5.99Save 20%($0.76/pt)",4.79,ea ,5.99Save 20%(0.76/pt),0.76/pt),
10856,Yuengling Lager,Yuengling Lager,bev_sale,shop,12oz bottles 6pk," 	$6.99/ea $8.99Save 22%($1.55/pt)",6.99,ea ,8.99Save 22%(1.55/pt),1.55/pt),
10857,Allagash White Beer,Allagash White Beer,bev_sale,shop,12oz bottles 4pk," 	$9.49/ea $11.99Save 20%($3.16/pt)",9.49,ea ,11.99Save 20%(3.16/pt),3.16/pt),
10859,Anchor Brewing Steam Beer,Anchor Brewing Steam Beer,bev_sale,shop,12oz bottles 6pk," 	$8.99/ea $11.99Any 2 6 Pack Varieties for $16.00($2.00/pt)Mix'n'Match",8.99,ea ,11.99Any 2 6 Pack Varieties for 16.00(2.00/pt)Mix'n'Match,16.00(,2.00/pt)Mix'n'Match
10860,Blue Point Summer Ale,Blue Point Summer Ale,bev_sale,shop,12oz bottles 6pk," 	$8.99/ea $10.99Any 2 6 Pack Varieties for $16.00Mix'n'Match",8.99,ea ,10.99Any 2 6 Pack Varieties for 16.00Mix'n'Match,16.00Mix'n'Match,
10865,Coca-Cola Caffeine-Free Coke,Coca-Cola Caffeine-Free Coke,bev_sale,shop,12oz cans 12pk," 	$5.09/ea $5.99Any 2 Varieties for $9.00($0.57/pt)Mix'n'Match",5.09,ea ,5.99Any 2 Varieties for 9.00(0.57/pt)Mix'n'Match,9.00(,0.57/pt)Mix'n'Match
10866,Coco Libre Pure Organic Coconut Water,Coco Libre Pure Organic Coconut Water,bev_sale,shop,1liter," 	$3.49/ea $4.79Any 2 Varieties for $6.00($1.65/pt)Mix'n'Match",3.49,ea ,4.79Any 2 Varieties for 6.00(1.65/pt)Mix'n'Match,6.00(,1.65/pt)Mix'n'Match
10867,Coors Light,Coors Light,bev_sale,shop,12oz cans 18pk," 	$16.99/ea $18.99Save 10%($1.26/pt)",16.99,ea ,18.99Save 10%(1.26/pt),1.26/pt),
10870,Diet Pepsi Cola,Diet Pepsi Cola,bev_sale,shop,2 liter," 	$1.69/ea $1.99Any 2 Pepsi for $3.00($0.40/pt)Mix'n'Match",1.69,ea ,1.99Any 2 Pepsi for 3.00(0.40/pt)Mix'n'Match,3.00(,0.40/pt)Mix'n'Match
10871,Diet Pepsi Wild Cherry,Diet Pepsi Wild Cherry,bev_sale,shop,2 liter," 	$1.79/ea $1.99Any 2 Pepsi for $3.00($0.42/pt)Mix'n'Match",1.79,ea ,1.99Any 2 Pepsi for 3.00(0.42/pt)Mix'n'Match,3.00(,0.42/pt)Mix'n'Match
10872,Dr Pepper,Dr Pepper,bev_sale,shop,12oz cans 12pk," 	$5.09/ea $5.99Any 2 Varieties for $9.00($0.57/pt)Mix'n'Match",5.09,ea ,5.99Any 2 Varieties for 9.00(0.57/pt)Mix'n'Match,9.00(,0.57/pt)Mix'n'Match
10873,Dr Pepper Diet Caffeine Free Soda,Dr Pepper Diet Caffeine Free Soda,bev_sale,shop,12oz cans 12pk," 	$5.09/ea $5.99Any 2 Varieties for $9.00($0.57/pt)Mix'n'Match",5.09,ea ,5.99Any 2 Varieties for 9.00(0.57/pt)Mix'n'Match,9.00(,0.57/pt)Mix'n'Match
10874,Dr Pepper Diet Cherry Soda,Dr Pepper Diet Cherry Soda,bev_sale,shop,12oz cans 12pk," 	$5.09/ea $5.99Any 2 Varieties for $9.00($0.57/pt)Mix'n'Match",5.09,ea ,5.99Any 2 Varieties for 9.00(0.57/pt)Mix'n'Match,9.00(,0.57/pt)Mix'n'Match
10885,Founders Brewing Company All Day IPA,Founders Brewing Company All Day IPA,bev_sale,shop,"6pk, 12oz ea"," 	$10.99/ea $12.99Any 2 Varieties for $20.00($2.44/pt)Mix'n'Match",10.99,ea ,12.99Any 2 Varieties for 20.00(2.44/pt)Mix'n'Match,20.00(,2.44/pt)Mix'n'Match
10887,Harpoon India Pale Ale,Harpoon India Pale Ale,bev_sale,shop,12oz bottles 6pk," 	$8.99/ea $10.99Any 2 6 Pack Varieties for $16.00($2.00/pt)Mix'n'Match",8.99,ea ,10.99Any 2 6 Pack Varieties for 16.00(2.00/pt)Mix'n'Match,16.00(,2.00/pt)Mix'n'Match
10889,Hubert's Lemonade Original,Hubert's Lemonade Original,bev_sale,shop,16oz," 	$1.79/ea $1.99Any 3 Lemonade for $4.95($1.79/pt)Mix'n'Match",1.79,ea ,1.99Any 3 Lemonade for 4.95(1.79/pt)Mix'n'Match,4.95(,1.79/pt)Mix'n'Match
10890,Kedem Concord Grape Juice,Kedem Concord Grape Juice,bev_sale,shop,22oz," 	$2.09/ea $2.99Save 30%($1.51/pt)",2.09,ea ,2.99Save 30%(1.51/pt),1.51/pt),
10891,Kedem Concord Grape Juice (plastic bottle),Kedem Concord Grape Juice (plastic bottle),bev_sale,shop,64oz," 	$5.84/ea $6.49Save 10%($1.46/pt)",5.84,ea ,6.49Save 10%(1.46/pt),1.46/pt),
10893,Pepsi Cola,Pepsi Cola,bev_sale,shop,2 liter," 	$1.79/ea $1.99Any 2 Pepsi for $3.00($0.42/pt)Mix'n'Match",1.79,ea ,1.99Any 2 Pepsi for 3.00(0.42/pt)Mix'n'Match,3.00(,0.42/pt)Mix'n'Match
10894,Pepsi Diet Pepsi Caffeine-Free Cola,Pepsi Diet Pepsi Caffeine-Free Cola,bev_sale,shop,2 liter," 	$1.79/ea $1.99Any 2 Pepsi for $3.00($0.42/pt)Mix'n'Match",1.79,ea ,1.99Any 2 Pepsi for 3.00(0.42/pt)Mix'n'Match,3.00(,0.42/pt)Mix'n'Match
10900,Reed's Extra Ginger Brew,Reed's Extra Ginger Brew,bev_sale,shop,12oz bottles 4pk," 	$3.99/ea $4.49Save 10%($1.33/pt)",3.99,ea ,4.49Save 10%(1.33/pt),1.33/pt),
10902,Samuel Adams Summer Ale,Samuel Adams Summer Ale,bev_sale,shop,12oz bottles 6pk," 	$8.99/ea $10.99Any 2 6 Pack Varieties for $16.00Mix'n'Match",8.99,ea ,10.99Any 2 6 Pack Varieties for 16.00Mix'n'Match,16.00Mix'n'Match,
10903,Schöfferhofer Grapefruit Hefeweizen,Schöfferhofer Grapefruit Hefeweizen,bev_sale,shop,"6pk, 12oz ea"," 	$7.99/ea $10.99Save 26%($1.78/pt)",7.99,ea ,10.99Save 26%(1.78/pt),1.78/pt),
10904,Seagram's Club Soda,Seagram's Club Soda,bev_sale,shop,1 liter," 	$1.29/ea $1.59Any 4 varieties for $5.00($0.00/pt)Mix'n'Match",1.29,ea ,1.59Any 4 varieties for 5.00(0.00/pt)Mix'n'Match,5.00(,0.00/pt)Mix'n'Match
10905,Seagram's Tonic Water,Seagram's Tonic Water,bev_sale,shop,1 liter," 	$1.29/ea $1.59Any 4 varieties for $5.00($0.61/pt)Mix'n'Match",1.29,ea ,1.59Any 4 varieties for 5.00(0.61/pt)Mix'n'Match,5.00(,0.61/pt)Mix'n'Match
10907,Sparkling Ice Coconut Pineapple Sparkling Mountain Spring Water,Sparkling Ice Coconut Pineapple Sparkling Mountain Spring Water,bev_sale,shop,17oz,"		$1.59/eaAny 2 varieties for $3.00($1.50/pt)Mix'n'Match",1.59,eaAny 2 varieties for ,3.00(1.50/pt)Mix'n'Match,1.50/pt)Mix'n'Match,
10908,Sparkling Ice Crisp Apple Sparkling Mountain Spring Water,Sparkling Ice Crisp Apple Sparkling Mountain Spring Water,bev_sale,shop,17oz,"		$1.59/eaAny 2 varieties for $3.00($1.50/pt)Mix'n'Match",1.59,eaAny 2 varieties for ,3.00(1.50/pt)Mix'n'Match,1.50/pt)Mix'n'Match,
10909,Sparkling Ice Kiwi Strawberry Sparkling Mountain Spring Water,Sparkling Ice Kiwi Strawberry Sparkling Mountain Spring Water,bev_sale,shop,17oz,"		$1.59/eaAny 2 varieties for $3.00($1.50/pt)Mix'n'Match",1.59,eaAny 2 varieties for ,3.00(1.50/pt)Mix'n'Match,1.50/pt)Mix'n'Match,
10910,Sparkling Ice Lemon-Lime Sparkling Mountain Spring Water,Sparkling Ice Lemon-Lime Sparkling Mountain Spring Water,bev_sale,shop,17oz,"		$1.59/eaAny 2 varieties for $3.00($1.50/pt)Mix'n'Match",1.59,eaAny 2 varieties for ,3.00(1.50/pt)Mix'n'Match,1.50/pt)Mix'n'Match,
10911,Sparkling Ice Lemonade With Tea Sparkling Mountain Spring Water,Sparkling Ice Lemonade With Tea Sparkling Mountain Spring Water,bev_sale,shop,17oz,"		$1.59/eaAny 2 varieties for $3.00($1.50/pt)Mix'n'Match",1.59,eaAny 2 varieties for ,3.00(1.50/pt)Mix'n'Match,1.50/pt)Mix'n'Match,
10912,Sparkling Ice Orange Mango Sparkling Mountain Spring Water,Sparkling Ice Orange Mango Sparkling Mountain Spring Water,bev_sale,shop,17oz,"		$1.59/eaAny 2 varieties for $3.00($1.50/pt)Mix'n'Match",1.59,eaAny 2 varieties for ,3.00(1.50/pt)Mix'n'Match,1.50/pt)Mix'n'Match,
10913,Sparkling Ice Peach Nectarine Sparkling Mountain Spring Water,Sparkling Ice Peach Nectarine Sparkling Mountain Spring Water,bev_sale,shop,17oz,"		$1.59/eaAny 2 varieties for $3.00($1.50/pt)Mix'n'Match",1.59,eaAny 2 varieties for ,3.00(1.50/pt)Mix'n'Match,1.50/pt)Mix'n'Match,
10914,Sparkling Ice Pomegranate Berry Sparkling Mountain Spring Water,Sparkling Ice Pomegranate Berry Sparkling Mountain Spring Water,bev_sale,shop,17oz,"		$1.59/eaAny 2 varieties for $3.00($1.50/pt)Mix'n'Match",1.59,eaAny 2 varieties for ,3.00(1.50/pt)Mix'n'Match,1.50/pt)Mix'n'Match,
10915,Sparkling Ice Raspberry Lemonade Sparkling Mountain Spring Water,Sparkling Ice Raspberry Lemonade Sparkling Mountain Spring Water,bev_sale,shop,17oz,"		$1.59/eaAny 2 varieties for $3.00($1.50/pt)Mix'n'Match",1.59,eaAny 2 varieties for ,3.00(1.50/pt)Mix'n'Match,1.50/pt)Mix'n'Match,
10916,Sparkling Ice Strawberry Lemonade Sparkling Mountain Spring Water,Sparkling Ice Strawberry Lemonade Sparkling Mountain Spring Water,bev_sale,shop,17oz,"		$1.59/eaAny 2 varieties for $3.00($1.50/pt)Mix'n'Match",1.59,eaAny 2 varieties for ,3.00(1.50/pt)Mix'n'Match,1.50/pt)Mix'n'Match,
10917,Sweet Leaf Organic Citrus Green Tea,Sweet Leaf Organic Citrus Green Tea,bev_sale,shop,16oz," 	$0.99/ea $1.49Save 32%($0.99/pt)",0.99,ea ,1.49Save 32%(0.99/pt),0.99/pt),
10918,Sweet Leaf Organic Peach Iced Tea,Sweet Leaf Organic Peach Iced Tea,bev_sale,shop,16oz," 	$0.99/ea $1.49Save 32%($0.99/pt)",0.99,ea ,1.49Save 32%(0.99/pt),0.99/pt),
10919,"Sweet Leaf Organic, Mint & Honey Green Tea","Sweet Leaf Organic, Mint & Honey Green Tea",bev_sale,shop,16oz," 	$0.99/ea $1.49Save 32%($0.99/pt)",0.99,ea ,1.49Save 32%(0.99/pt),0.99/pt),
10920,vitaminwater energy (tropical citrus),vitaminwater energy (tropical citrus),bev_sale,shop,20oz," 	$1.19/ea $1.69Any 5 Flavors for $5.00($0.95/pt)Mix'n'Match",1.19,ea ,1.69Any 5 Flavors for 5.00(0.95/pt)Mix'n'Match,5.00(,0.95/pt)Mix'n'Match
10921,vitaminwater essential (orange-orange),vitaminwater essential (orange-orange),bev_sale,shop,20oz," 	$1.09/ea $1.59Any 5 Flavors for $5.00($0.87/pt)Mix'n'Match",1.09,ea ,1.59Any 5 Flavors for 5.00(0.87/pt)Mix'n'Match,5.00(,0.87/pt)Mix'n'Match
10922,vitaminwater power-c (dragonfruit),vitaminwater power-c (dragonfruit),bev_sale,shop,20oz," 	$1.09/ea $1.59Any 5 Flavors for $5.00($0.87/pt)Mix'n'Match",1.09,ea ,1.59Any 5 Flavors for 5.00(0.87/pt)Mix'n'Match,5.00(,0.87/pt)Mix'n'Match
10923,vitaminwater xxx (açai-blueberry-pomegranate),vitaminwater xxx (açai-blueberry-pomegranate),bev_sale,shop,20oz," 	$1.09/ea $1.59Any 5 Flavors for $5.00($0.87/pt)Mix'n'Match",1.09,ea ,1.59Any 5 Flavors for 5.00(0.87/pt)Mix'n'Match,5.00(,0.87/pt)Mix'n'Match
10924,vitaminwater zero glow (strawberry-guanabana),vitaminwater zero glow (strawberry-guanabana),bev_sale,shop,20oz," 	$1.19/ea $1.59Any 5 Flavors for $5.00($0.95/pt)Mix'n'Match",1.19,ea ,1.59Any 5 Flavors for 5.00(0.95/pt)Mix'n'Match,5.00(,0.95/pt)Mix'n'Match
10925,"vitaminwater zero go-go (mixed berry), Case","vitaminwater zero go-go (mixed berry), Case",bev_sale,shop,"20oz bottles, 24 per case"," 	$22.59/cs $33.99Save 32%($0.75/pt)",22.59,cs ,33.99Save 32%(0.75/pt),0.75/pt),
10926,vitaminwater zero rise (orange),vitaminwater zero rise (orange),bev_sale,shop,20oz," 	$1.09/ea $1.59Any 5 Flavors for $5.00($0.87/pt)Mix'n'Match",1.09,ea ,1.59Any 5 Flavors for 5.00(0.87/pt)Mix'n'Match,5.00(,0.87/pt)Mix'n'Match
10927,"vitaminwater zero rise (orange), Case","vitaminwater zero rise (orange), Case",bev_sale,shop,"20oz bottles, 24 per case"," 	$22.59/cs $33.99Save 32%($0.75/pt)",22.59,cs ,33.99Save 32%(0.75/pt),0.75/pt),
10928,"vitaminwater zero squeezed (lemonade), Case","vitaminwater zero squeezed (lemonade), Case",bev_sale,shop,"20oz bottles, 24 per case"," 	$22.59/cs $33.99Save 32%($0.75/pt)",22.59,cs ,33.99Save 32%(0.75/pt),0.75/pt),
10929,vitaminwater zero xxx (açai-blueberry-pomegranate),vitaminwater zero xxx (açai-blueberry-pomegranate),bev_sale,shop,20oz," 	$1.19/ea $1.69Any 5 Flavors for $5.00($0.95/pt)Mix'n'Match",1.19,ea ,1.69Any 5 Flavors for 5.00(0.95/pt)Mix'n'Match,5.00(,0.95/pt)Mix'n'Match
10930,"vitaminwater zero xxx (açai-blueberry-pomegranate), Case","vitaminwater zero xxx (açai-blueberry-pomegranate), Case",bev_sale,shop,"20oz bottles, 24 per case"," 	$23.99/cs $36.49Save 34%($0.80/pt)",23.99,cs ,36.49Save 34%(0.80/pt),0.80/pt),
10932,Bell's Oberon Ale,Bell's Oberon Ale,bev_sale,shop,"6pk, 12oz ea"," 	$10.49/ea $11.99Any 2 Varieties for $20.00($2.33/pt)Mix'n'Match",10.49,ea ,11.99Any 2 Varieties for 20.00(2.33/pt)Mix'n'Match,20.00(,2.33/pt)Mix'n'Match
10933,Belvoir Fruit Farms Elderflower & Rose Pressé,Belvoir Fruit Farms Elderflower & Rose Pressé,bev_sale,shop,8.45oz," 	$2.29/ea $2.69Any 2 Pressé for $4.00($4.32/pt)Mix'n'Match",2.29,ea ,2.69Any 2 Pressé for 4.00(4.32/pt)Mix'n'Match,4.00(,4.32/pt)Mix'n'Match
10934,Belvoir Fruit Farms Organic Elderflower Pressé,Belvoir Fruit Farms Organic Elderflower Pressé,bev_sale,shop,8.45oz," 	$2.29/ea $2.69Any 2 Pressé for $4.00($4.32/pt)Mix'n'Match",2.29,ea ,2.69Any 2 Pressé for 4.00(4.32/pt)Mix'n'Match,4.00(,4.32/pt)Mix'n'Match
10944,Dogfish Head Punkin Ale,Dogfish Head Punkin Ale,bev_sale,shop,12oz bottles 4pk," 	$7.99/ea $12.49Save 36%($2.66/pt)",7.99,ea ,12.49Save 36%(2.66/pt),2.66/pt),
10945,Essentia Alkaline Water,Essentia Alkaline Water,bev_sale,shop,20oz," 	$1.39/ea $1.59Save! 4 for $5.00($1.11/pt)",1.39,ea ,1.59Save! 4 for 5.00(1.11/pt),5.00(,1.11/pt)
10946,Founders Brewing Company Dirty Bastard Scotch-Style Ale,Founders Brewing Company Dirty Bastard Scotch-Style Ale,bev_sale,shop,"6pk, 12oz ea"," 	$10.99/ea $12.99Any 2 Varieties for $20.00($2.44/pt)Mix'n'Match",10.99,ea ,12.99Any 2 Varieties for 20.00(2.44/pt)Mix'n'Match,20.00(,2.44/pt)Mix'n'Match
10948,"Gatorade G Series Orange Sports Drink, Case","Gatorade G Series Orange Sports Drink, Case",bev_sale,shop,"32oz, 12 per case"," 	$14.99/cs $20.28Save 26%($0.62/pt)",14.99,cs ,20.28Save 26%(0.62/pt),0.62/pt),
10949,"Gatorade G-Series Cool Blue Sports Drink, Case","Gatorade G-Series Cool Blue Sports Drink, Case",bev_sale,shop,"32oz, 12 per case"," 	$14.99/cs $20.28Save 26%($0.62/pt)",14.99,cs ,20.28Save 26%(0.62/pt),0.62/pt),
10950,"Grady's  All Natural Cold Brew Coffee Concentrate, Case","Grady's  All Natural Cold Brew Coffee Concentrate, Case",bev_sale,shop,"12pk, 32oz ea"," 	$109.99/cs $139.99Save 20%($4.58/pt)",109.99,cs ,139.99Save 20%(4.58/pt),4.58/pt),
10953,Harpoon Rich & Dan's Rye IPA (India Pale Ale),Harpoon Rich & Dan's Rye IPA (India Pale Ale),bev_sale,shop,12oz bottles 6pk," 	$8.99/ea $10.99Any 2 6 Pack Varieties for $16.00($2.00/pt)Mix'n'Match",8.99,ea ,10.99Any 2 6 Pack Varieties for 16.00(2.00/pt)Mix'n'Match,16.00(,2.00/pt)Mix'n'Match
10954,Harpoon Summer Beer,Harpoon Summer Beer,bev_sale,shop,12oz bottles 6pk," 	$8.99/ea $10.99Any 2 6 Pack Varieties for $16.00Mix'n'Match",8.99,ea ,10.99Any 2 6 Pack Varieties for 16.00Mix'n'Match,16.00Mix'n'Match,
10955,Hofbräu Heffe Weiss,Hofbräu Heffe Weiss,bev_sale,shop,12oz bottles 6pk," 	$8.99/ea $10.99Any 2 6 Pack Varieties for $16.00($2.00/pt)Mix'n'Match",8.99,ea ,10.99Any 2 6 Pack Varieties for 16.00(2.00/pt)Mix'n'Match,16.00(,2.00/pt)Mix'n'Match
10956,Hofbräu Original Premium Lager,Hofbräu Original Premium Lager,bev_sale,shop,12oz bottles 6pk," 	$8.99/ea $10.99Any 2 6 Pack Varieties for $16.00($2.00/pt)Mix'n'Match",8.99,ea ,10.99Any 2 6 Pack Varieties for 16.00(2.00/pt)Mix'n'Match,16.00(,2.00/pt)Mix'n'Match
10958,Hubert's Lemonade Blackberry,Hubert's Lemonade Blackberry,bev_sale,shop,16oz," 	$1.79/ea $1.99Any 3 Lemonade for $4.95Mix'n'Match",1.79,ea ,1.99Any 3 Lemonade for 4.95Mix'n'Match,4.95Mix'n'Match,
10959,Hubert's Lemonade Diet Original,Hubert's Lemonade Diet Original,bev_sale,shop,16oz," 	$1.79/ea $1.99Any 3 Lemonade for $4.95($1.79/pt)Mix'n'Match",1.79,ea ,1.99Any 3 Lemonade for 4.95(1.79/pt)Mix'n'Match,4.95(,1.79/pt)Mix'n'Match
10961,Hubert's Lemonade Diet Strawberry,Hubert's Lemonade Diet Strawberry,bev_sale,shop,16oz," 	$1.79/ea $1.99Any 3 Lemonade for $4.95($1.79/pt)Mix'n'Match",1.79,ea ,1.99Any 3 Lemonade for 4.95(1.79/pt)Mix'n'Match,4.95(,1.79/pt)Mix'n'Match
10964,Hubert's Lemonade Strawberry,Hubert's Lemonade Strawberry,bev_sale,shop,16oz," 	$1.79/ea $1.99Any 3 Lemonade for $4.95($1.79/pt)Mix'n'Match",1.79,ea ,1.99Any 3 Lemonade for 4.95(1.79/pt)Mix'n'Match,4.95(,1.79/pt)Mix'n'Match
10966,Hubert's Lemonade Watermelon,Hubert's Lemonade Watermelon,bev_sale,shop,16oz," 	$1.79/ea $1.99Any 3 Lemonade for $4.95($1.79/pt)Mix'n'Match",1.79,ea ,1.99Any 3 Lemonade for 4.95(1.79/pt)Mix'n'Match,4.95(,1.79/pt)Mix'n'Match
10971,Kedem Cranberry Juice Cocktail,Kedem Cranberry Juice Cocktail,bev_sale,shop,64oz," 	$3.23/ea $3.59Save 10%($0.81/pt)",3.23,ea ,3.59Save 10%(0.81/pt),0.81/pt),
10972,Kedem White Grape Juice,Kedem White Grape Juice,bev_sale,shop,22oz," 	$2.09/ea $2.99Save 30%($1.51/pt)",2.09,ea ,2.99Save 30%(1.51/pt),1.51/pt),
10973,Kedem White Grape Juice (plastic bottle),Kedem White Grape Juice (plastic bottle),bev_sale,shop,64oz," 	$4.54/ea $6.49Save 30%($1.14/pt)",4.54,ea ,6.49Save 30%(1.14/pt),1.14/pt),
10975,Lagunitas Little Sumpin' Sumpin' Ale,Lagunitas Little Sumpin' Sumpin' Ale,bev_sale,shop,12oz bottles 6pk," 	$10.99/ea $13.99Save 20%($2.44/pt)",10.99,ea ,13.99Save 20%(2.44/pt),2.44/pt),
10976,Magic Hat Circus Boy Hefeweizen,Magic Hat Circus Boy Hefeweizen,bev_sale,shop,12oz bottles 6pk," 	$8.49/ea $10.99Save 22%($1.89/pt)",8.49,ea ,10.99Save 22%(1.89/pt),1.89/pt),
10977,Magic Hat Summer Scene Variety Pack,Magic Hat Summer Scene Variety Pack,bev_sale,shop,12oz bottles 12pk," 	$16.99/ea $21.99Any 2 12pk Beer for $32.00Mix'n'Match",16.99,ea ,21.99Any 2 12pk Beer for 32.00Mix'n'Match,32.00Mix'n'Match,
10979,Modelo Especial,Modelo Especial,bev_sale,shop,"6pk, 12oz ea","		$10.99/eaSave! 4 for $42.00($2.44/pt)",10.99,eaSave! 4 for ,42.00(2.44/pt),2.44/pt),
10990,Peak Organic Summer Session Ale,Peak Organic Summer Session Ale,bev_sale,shop,"6pk, 12oz ea"," 	$9.99/ea $11.99Save 16%",9.99,ea ,11.99Save 16%,,
11000,Reed's Light 55 Calories Extra Ginger Brew,Reed's Light 55 Calories Extra Ginger Brew,bev_sale,shop,12oz bottles 4pk," 	$3.99/ea $4.49Save 10%($1.33/pt)",3.99,ea ,4.49Save 10%(1.33/pt),1.33/pt),
11001,Reed's Original Ginger Brew,Reed's Original Ginger Brew,bev_sale,shop,12oz bottles 4pk," 	$3.99/ea $4.49Save 10%($1.33/pt)",3.99,ea ,4.49Save 10%(1.33/pt),1.33/pt),
11003,"Runa Clean Energy Zero, Guava Guayusa","Runa Clean Energy Zero, Guava Guayusa",bev_sale,shop,14oz," 	$1.79/ea $1.99Any 2 Energy Drink for $3.00($2.03/pt)Mix'n'Match",1.79,ea ,1.99Any 2 Energy Drink for 3.00(2.03/pt)Mix'n'Match,3.00(,2.03/pt)Mix'n'Match
11004,"Runa Clean Energy Zero, Unsweetened Lime Guayusa","Runa Clean Energy Zero, Unsweetened Lime Guayusa",bev_sale,shop,14oz," 	$1.79/ea $1.99Any 2 Energy Drink for $3.00($2.03/pt)Mix'n'Match",1.79,ea ,1.99Any 2 Energy Drink for 3.00(2.03/pt)Mix'n'Match,3.00(,2.03/pt)Mix'n'Match
11005,"Runa Clean Energy, Hibiscus-Berry Guayusa","Runa Clean Energy, Hibiscus-Berry Guayusa",bev_sale,shop,14oz," 	$1.79/ea $1.99Any 2 Energy Drink for $3.00($2.03/pt)Mix'n'Match",1.79,ea ,1.99Any 2 Energy Drink for 3.00(2.03/pt)Mix'n'Match,3.00(,2.03/pt)Mix'n'Match
11006,"Runa Clean Energy, Lemon-Lemongrass Guayusa","Runa Clean Energy, Lemon-Lemongrass Guayusa",bev_sale,shop,14oz," 	$1.79/ea $1.99Any 2 Energy Drink for $3.00($2.03/pt)Mix'n'Match",1.79,ea ,1.99Any 2 Energy Drink for 3.00(2.03/pt)Mix'n'Match,3.00(,2.03/pt)Mix'n'Match
11007,Schneider Weisse,Schneider Weisse,bev_sale,shop,17oz bottle,"		$4.99/eaSave! 2 for $9.00($4.71/pt)",4.99,eaSave! 2 for ,9.00(4.71/pt),4.71/pt),
11011,Stone India Pale Ale,Stone India Pale Ale,bev_sale,shop,12oz bottles 6pk," 	$10.99/ea $12.99Any 2 Varieties for $20.00($2.44/pt)Mix'n'Match",10.99,ea ,12.99Any 2 Varieties for 20.00(2.44/pt)Mix'n'Match,20.00(,2.44/pt)Mix'n'Match
11013,Victory Summer Love Ale,Victory Summer Love Ale,bev_sale,shop,12oz bottles 6pk," 	$9.99/ea $11.99Save 16%",9.99,ea ,11.99Save 16%,,
11015,"vitaminwater energy (tropical citrus), Case","vitaminwater energy (tropical citrus), Case",bev_sale,shop,"20oz bottles, 24 per case"," 	$23.99/cs $36.49Save 34%($0.80/pt)",23.99,cs ,36.49Save 34%(0.80/pt),0.80/pt),
11016,"vitaminwater essential (orange-orange), Case","vitaminwater essential (orange-orange), Case",bev_sale,shop,"20oz bottles, 24 per case"," 	$22.59/cs $33.99Save 32%($0.75/pt)",22.59,cs ,33.99Save 32%(0.75/pt),0.75/pt),
11017,vitaminwater focus (kiwi-strawberry),vitaminwater focus (kiwi-strawberry),bev_sale,shop,20oz," 	$1.19/ea $1.69Any 5 Flavors for $5.00($0.95/pt)Mix'n'Match",1.19,ea ,1.69Any 5 Flavors for 5.00(0.95/pt)Mix'n'Match,5.00(,0.95/pt)Mix'n'Match
11018,"vitaminwater focus (kiwi-strawberry), Case","vitaminwater focus (kiwi-strawberry), Case",bev_sale,shop,"20oz bottles, 24 per case"," 	$23.99/cs $36.49Save 34%($0.80/pt)",23.99,cs ,36.49Save 34%(0.80/pt),0.80/pt),
11019,vitaminwater formula 50 (grape),vitaminwater formula 50 (grape),bev_sale,shop,20oz," 	$1.09/ea $1.59Any 5 Flavors for $5.00($0.87/pt)Mix'n'Match",1.09,ea ,1.59Any 5 Flavors for 5.00(0.87/pt)Mix'n'Match,5.00(,0.87/pt)Mix'n'Match
11020,"vitaminwater formula 50 (grape), Case","vitaminwater formula 50 (grape), Case",bev_sale,shop,"20oz bottles, 24 per case"," 	$22.59/cs $33.99Save 32%($0.75/pt)",22.59,cs ,33.99Save 32%(0.75/pt),0.75/pt),
11021,"vitaminwater power-c (dragonfruit), Case","vitaminwater power-c (dragonfruit), Case",bev_sale,shop,"20oz bottles, 24 per case"," 	$22.59/cs $33.99Save 32%($0.75/pt)",22.59,cs ,33.99Save 32%(0.75/pt),0.75/pt),
11022,vitaminwater revive (fruit punch),vitaminwater revive (fruit punch),bev_sale,shop,20oz," 	$1.09/ea $1.59Any 5 Flavors for $5.00($0.87/pt)Mix'n'Match",1.09,ea ,1.59Any 5 Flavors for 5.00(0.87/pt)Mix'n'Match,5.00(,0.87/pt)Mix'n'Match
11023,"vitaminwater revive (fruit punch), Case","vitaminwater revive (fruit punch), Case",bev_sale,shop,"20oz bottles, 24 per case"," 	$22.59/cs $33.99Save 32%($0.75/pt)",22.59,cs ,33.99Save 32%(0.75/pt),0.75/pt),
11024,"vitaminwater xxx (açai-blueberry-pomegranate), Case","vitaminwater xxx (açai-blueberry-pomegranate), Case",bev_sale,shop,"20oz bottles, 24 per case"," 	$22.59/cs $33.99Save 32%($0.75/pt)",22.59,cs ,33.99Save 32%(0.75/pt),0.75/pt),
11025,"vitaminwater zero glow (strawberry-guanabana), case","vitaminwater zero glow (strawberry-guanabana), case",bev_sale,shop,"24ct, 20oz ea"," 	$22.59/cs $33.99Save 32%($0.75/pt)",22.59,cs ,33.99Save 32%(0.75/pt),0.75/pt),
11026,Weihenstephaner Hefe Weissbier,Weihenstephaner Hefe Weissbier,bev_sale,shop,"6pk, 11.2oz ea"," 	$10.99/ea $12.99Any 2 Varieties for $20.00($2.62/pt)Mix'n'Match",10.99,ea ,12.99Any 2 Varieties for 20.00(2.62/pt)Mix'n'Match,20.00(,2.62/pt)Mix'n'Match
11027,FreshDirect Blueberry Muffins,FreshDirect Blueberry Muffins,bky_sale,shop,"4pk, 3.5oz ea","		$5.99/4pkAny 3 Select 4 packs for $15.00($1.50/ct)Mix'n'Match",5.99,4pkAny 3 Select 4 packs for ,15.00(1.50/ct)Mix'n'Match,1.50/ct)Mix'n'Match,
11028,FreshDirect Corn Muffins,FreshDirect Corn Muffins,bky_sale,shop,"4pk, 3.5oz ea","		$5.99/4pkAny 3 Select 4 packs for $15.00($1.50/ct)Mix'n'Match",5.99,4pkAny 3 Select 4 packs for ,15.00(1.50/ct)Mix'n'Match,1.50/ct)Mix'n'Match,
11036,FreshDirect Assorted Muffins,FreshDirect Assorted Muffins,bky_sale,shop,"4pk, 3.5oz ea","		$5.99/4pkAny 3 Select 4 packs for $15.00($1.50/ct)Mix'n'Match",5.99,4pkAny 3 Select 4 packs for ,15.00(1.50/ct)Mix'n'Match,1.50/ct)Mix'n'Match,
11037,FreshDirect Chocolate Chip Muffins,FreshDirect Chocolate Chip Muffins,bky_sale,shop,12oz,"		$5.99/4pkAny 3 Select 4 packs for $15.00($1.50/ct)Mix'n'Match",5.99,4pkAny 3 Select 4 packs for ,15.00(1.50/ct)Mix'n'Match,1.50/ct)Mix'n'Match,
11038,FreshDirect Coffee Crumb Muffins,FreshDirect Coffee Crumb Muffins,bky_sale,shop,"4pk, 3.5oz ea","		$5.99/4pkAny 3 Select 4 packs for $15.00($1.50/ct)Mix'n'Match",5.99,4pkAny 3 Select 4 packs for ,15.00(1.50/ct)Mix'n'Match,1.50/ct)Mix'n'Match,
11042,"FreshDirect Ham and Cheese Open Face Croissants, Frozen, Ready-to-Bake","FreshDirect Ham and Cheese Open Face Croissants, Frozen, Ready-to-Bake",bky_sale,shop,4pk,"		$7.99/4 packAny 2 select stuffed croissants for $14.00($2.00/ct)Mix'n'Match",7.99,4 packAny 2 select stuffed croissants for ,14.00(2.00/ct)Mix'n'Match,2.00/ct)Mix'n'Match,
11043,FreshDirect Harvest Fruit Muffins,FreshDirect Harvest Fruit Muffins,bky_sale,shop,"4pk, 3.5oz ea","		$5.99/4pkAny 3 Select 4 packs for $15.00($1.50/ct)Mix'n'Match",5.99,4pkAny 3 Select 4 packs for ,15.00(1.50/ct)Mix'n'Match,1.50/ct)Mix'n'Match,
11048,"FreshDirect Spinach and Ricotta Filled Open Face Croissants, Frozen, Ready-to-Bake","FreshDirect Spinach and Ricotta Filled Open Face Croissants, Frozen, Ready-to-Bake",bky_sale,shop,4pk,"		$7.99/4 packAny 2 select stuffed croissants for $14.00($2.00/ct)Mix'n'Match",7.99,4 packAny 2 select stuffed croissants for ,14.00(2.00/ct)Mix'n'Match,2.00/ct)Mix'n'Match,
11051,"FreshDirect Bacon and Egg Open Face Croissants, Frozen, Ready-to-Bake","FreshDirect Bacon and Egg Open Face Croissants, Frozen, Ready-to-Bake",bky_sale,shop,4pk,"		$7.99/eaAny 2 select stuffed croissants for $14.00($2.00/ct)Mix'n'Match",7.99,eaAny 2 select stuffed croissants for ,14.00(2.00/ct)Mix'n'Match,2.00/ct)Mix'n'Match,
11052,FreshDirect Banana Nut Muffins,FreshDirect Banana Nut Muffins,bky_sale,shop,"4pk, 3.5oz ea","		$5.99/4pkAny 3 Select 4 packs for $15.00($1.50/ct)Mix'n'Match",5.99,4pkAny 3 Select 4 packs for ,15.00(1.50/ct)Mix'n'Match,1.50/ct)Mix'n'Match,
11065,FreshDirect Raisin Bran Muffins,FreshDirect Raisin Bran Muffins,bky_sale,shop,"4pk, 3.5oz ea","		$5.99/4pkAny 3 Select 4 packs for $15.00($1.50/ct)Mix'n'Match",5.99,4pkAny 3 Select 4 packs for ,15.00(1.50/ct)Mix'n'Match,1.50/ct)Mix'n'Match,
11094,FreshDirect Chicken Marsala,FreshDirect Chicken Marsala,hmr_entree_pasta,meals,11.8oz,"		$8.99/ea($12.15/lb)",8.99,ea(,12.15/lb),,
11096,FreshDirect Rigatoni & Meatballs,FreshDirect Rigatoni & Meatballs,hmr_entree_pasta,meals,14.3oz,"		$8.99/ea($10.22/lb)",8.99,ea(,10.22/lb),,
11097,FreshDirect Turkey Bolognese Lasagna,FreshDirect Turkey Bolognese Lasagna,hmr_entree_pasta,meals,11.1oz,"		$8.99/ea($13.03/lb)",8.99,ea(,13.03/lb),,
11098,FreshDirect Chicken & Cheese Cannelloni w/ Pesto & Spinach,FreshDirect Chicken & Cheese Cannelloni w/ Pesto & Spinach,hmr_entree_pasta,meals,11.5oz,"		$7.99/ea($11.10/lb)",7.99,ea(,11.10/lb),,
11099,FreshDirect Garganelli Pasta with Portobellos,FreshDirect Garganelli Pasta with Portobellos,hmr_entree_pasta,meals,11.6oz,"		$8.99/ea($12.32/lb)",8.99,ea(,12.32/lb),,
11113,"FreshDirect Cheese Manicotti with Beef Bolognese, Family Size","FreshDirect Cheese Manicotti with Beef Bolognese, Family Size",hmr_entree_pasta,meals,3.2lb (Serves 4-6),"		$19.99/ea($6.25/lb)",19.99,ea(,6.25/lb),,
11114,"FreshDirect Garganelli Pasta with Grilled Portobello Mushrooms, Family Size","FreshDirect Garganelli Pasta with Grilled Portobello Mushrooms, Family Size",hmr_entree_pasta,meals,3.4lb (Serves 4-6),"		$19.99/ea($5.88/lb)",19.99,ea(,5.88/lb),,
11121,Domaine Bousquet Malbec,Domaine Bousquet Malbec,vin_new,shop,750ml,"		$10.99/ea($14.65/l)",10.99,ea(,14.65/l),,
11126,Lolea No 1 Sparkling Red Sangria ,Lolea No 1 Sparkling Red Sangria ,vin_new,shop,750ml,"		$15.99/ea($21.32/l)",15.99,ea(,21.32/l),,
11127,Maison L'Orée Bourgogne Pinot Noir Vieilles Vignes,Maison L'Orée Bourgogne Pinot Noir Vieilles Vignes,vin_new,shop,750ml,"		$29.99/ea($39.99/l)",29.99,ea(,39.99/l),,
11129,Mariposa Viceroy Red Blend,Mariposa Viceroy Red Blend,vin_new,shop,750ml,"		$19.99/ea($26.65/l)",19.99,ea(,26.65/l),,
11131,Opici Sangria,Opici Sangria,vin_new,shop,1.5L (1500ml),"		$9.99/ea($6.66/l)",9.99,ea(,6.66/l),,
11133,Red Guitar Sangria ,Red Guitar Sangria ,vin_new,shop,750ml,"		$7.99/ea($10.65/l)",7.99,ea(,10.65/l),,
11141,Damn Good Pinot Noir Monterey,Damn Good Pinot Noir Monterey,vin_new,shop,750ml,"		$14.99/ea($19.99/l)",14.99,ea(,19.99/l),,
11142,Inverness Cabernet Sauvignon Napa Valley,Inverness Cabernet Sauvignon Napa Valley,vin_new,shop,750ml,"		$24.99/ea($33.32/l)",24.99,ea(,33.32/l),,
11144,Lancaster Farm Fresh Cooperative Local Organic Vegetable CSA Box,Lancaster Farm Fresh Cooperative Local Organic Vegetable CSA Box,veg_local_csa,vegetables,"approx 8-10 items, weight varies"," 	$28.99/ea $34.99Save 16%",28.99,ea ,34.99Save 16%,,
11145,"Lancaster Farm Fresh Cooperative Local Vegetables CSA Box with Eggs, Mushrooms, Cheese and Yogurt","Lancaster Farm Fresh Cooperative Local Vegetables CSA Box with Eggs, Mushrooms, Cheese and Yogurt",veg_local_csa,vegetables,"approx 7-9 items, weight varies","		$49.99/ea",49.99,ea,,,
11146,Lancaster Farm Fresh Cooperative Local Organic Vegetable CSA Box with Eggs and Cheese,Lancaster Farm Fresh Cooperative Local Organic Vegetable CSA Box with Eggs and Cheese,veg_local_csa,vegetables,"approx 10 items, weight varies"," 	$39.99/ea $49.99Save 20%",39.99,ea ,49.99Save 20%,,
11166,Pillsbury Crescent Rolls,Pillsbury Crescent Rolls,dai_dough,dairy,8pc (8oz),"		$3.19/ea($6.38/lb)",3.19,ea(,6.38/lb),,
11168,Pillsbury Cinnamon Rolls with Icing,Pillsbury Cinnamon Rolls with Icing,dai_dough,dairy,8pc (12.4oz),"		$0.00/null($0.00/lb)",0,null(,0.00/lb),,
11169,Pillsbury Chocolate Chip Cookie Dough,Pillsbury Chocolate Chip Cookie Dough,dai_dough,dairy,16.5oz,"		$0.00/null($0.00/lb)",0,null(,0.00/lb),,
11171,Pillsbury Grands! Flaky Buttermilk Biscuits,Pillsbury Grands! Flaky Buttermilk Biscuits,dai_dough,dairy,16.3oz,"		$0.00/null($0.00/lb)",0,null(,0.00/lb),,
11172,Pillsbury Grands! Flaky Biscuits,Pillsbury Grands! Flaky Biscuits,dai_dough,dairy,8pc (16.3oz),"		$0.00/null($0.00/lb)",0,null(,0.00/lb),,
11173,Pillsbury Grands! Homestyle Biscuits,Pillsbury Grands! Homestyle Biscuits,dai_dough,dairy,8pc (16.3oz),"		$0.00/null($0.00/lb)",0,null(,0.00/lb),,
11255,"Honest Tea Organic Half Tea & Half Lemonade, Case","Honest Tea Organic Half Tea & Half Lemonade, Case",bev_family_size,beverages,"12 per case, 16.9floz ea","		$15.99/cs($1.26/pt)",15.99,cs(,1.26/pt),,
11256,"Honest Tea Organic Honey Green Tea, Case","Honest Tea Organic Honey Green Tea, Case",bev_family_size,beverages,"16.9oz, 12 per case","		$16.99/cs($1.34/pt)",16.99,cs(,1.34/pt),,
11264,"Snapple All-Natural Peach Diet Tea, Case","Snapple All-Natural Peach Diet Tea, Case",bev_family_size,beverages,"16oz bottle, 24 per case","		$22.99/cs($0.96/pt)",22.99,cs(,0.96/pt),,
11265,"Snapple Lemon Diet Iced Tea, Case","Snapple Lemon Diet Iced Tea, Case",bev_family_size,beverages,"16oz bottle, 24 per case","		$22.99/cs($0.96/pt)",22.99,cs(,0.96/pt),,
11299,"Honest Tea Organic Lemon Black Tea, Case","Honest Tea Organic Lemon Black Tea, Case",bev_family_size,beverages,"16.9oz, 12 per case","		$15.99/cs($1.26/pt)",15.99,cs(,1.26/pt),,
11300,"Honest Tea Organic Raspberry Tea, Case","Honest Tea Organic Raspberry Tea, Case",bev_family_size,beverages,"12pk, 16.9oz ea","		$15.99/cs($1.26/pt)",15.99,cs(,1.26/pt),,
11310,"Red Bull Sugar-Free, Case","Red Bull Sugar-Free, Case",bev_family_size,beverages,"250mL cans, 24 per case","		$42.99/cs($3.41/pt)",42.99,cs(,3.41/pt),,
11313,"Snapple All-Natural Lemon Tea, Case","Snapple All-Natural Lemon Tea, Case",bev_family_size,beverages,"16oz bottle, 24 per case","		$22.99/cs($0.96/pt)",22.99,cs(,0.96/pt),,
11314,"Snapple All-Natural Peach Tea, Case","Snapple All-Natural Peach Tea, Case",bev_family_size,beverages,"16oz bottle, 24 per case","		$22.99/cs($0.96/pt)",22.99,cs(,0.96/pt),,
11315,"Snapple Raspberry Diet Iced Tea, Case","Snapple Raspberry Diet Iced Tea, Case",bev_family_size,beverages,"16oz bottle, 24 per case","		$22.99/cs($0.96/pt)",22.99,cs(,0.96/pt),,
11316,Snapple Tea Variety Pack,Snapple Tea Variety Pack,bev_family_size,beverages,24pk,"		$22.99/ea($0.77/pt)",22.99,ea(,0.77/pt),,
11322,"Tazo Organic Iced Black Tea, Case","Tazo Organic Iced Black Tea, Case",bev_family_size,beverages,"13.8oz bottles, 12 per case","		$15.99/cs($1.54/pt)",15.99,cs(,1.54/pt),,
11323,"Tazo Organic Iced Green Tea, Case","Tazo Organic Iced Green Tea, Case",bev_family_size,beverages,"13.8oz bottles, 12 per case","		$15.99/cs($1.54/pt)",15.99,cs(,1.54/pt),,
11330,"vitaminwater zero variety pack (xxx, squeezed, rise)","vitaminwater zero variety pack (xxx, squeezed, rise)",bev_family_size,beverages,"20oz bottles, 12 per case","		$14.99/cs($1.00/pt)",14.99,cs(,1.00/pt),,
11363,"Bai 5-Calorie Antioxidant Infusion Drink, Tanzania Lemonade Tea, Case","Bai 5-Calorie Antioxidant Infusion Drink, Tanzania Lemonade Tea, Case",bev_family_size,beverages,"12ct, 18 fl oz each","		$25.49/cs($1.89/pt)",25.49,cs(,1.89/pt),,
11450,"Honest Tea Organic Cranberry Lemon Flavored Herbal Tea, Case","Honest Tea Organic Cranberry Lemon Flavored Herbal Tea, Case",bev_family_size,beverages,"12pk, 16.9oz ea","		$16.99/cs($1.34/pt)",16.99,cs(,1.34/pt),,
11451,"Honest Tea Organic Orange Mango Flavored Herbal Tea, Case","Honest Tea Organic Orange Mango Flavored Herbal Tea, Case",bev_family_size,beverages,"12pk, 16.9oz ea","		$16.99/cs($1.34/pt)",16.99,cs(,1.34/pt),,
11452,"Honest Tea Organic Peach Tea, Case","Honest Tea Organic Peach Tea, Case",bev_family_size,beverages,"12pk, 16.9oz ea","		$16.99/cs($1.34/pt)",16.99,cs(,1.34/pt),,
11453,"Honest Tea Organic Pomegranate Blue Flavored Herbal Tea, Case","Honest Tea Organic Pomegranate Blue Flavored Herbal Tea, Case",bev_family_size,beverages,"12pk, 16.9oz ea","		$16.99/cs($1.34/pt)",16.99,cs(,1.34/pt),,
11459,illy issimo Mochaccino Coffee-to-Go,illy issimo Mochaccino Coffee-to-Go,bev_family_size,beverages,"9.5oz bottles, 12pk","		$21.59/cs($3.03/pt)",21.59,cs(,3.03/pt),,
11516,"Red Bull Total Zero, Case","Red Bull Total Zero, Case",bev_family_size,beverages,"250mL cans, 24 per case","		$42.99/cs($3.41/pt)",42.99,cs(,3.41/pt),,
11517,"Red Bull , Case","Red Bull , Case",bev_family_size,beverages,"250mL cans, 24 per case","		$42.99/cs($3.41/pt)",42.99,cs(,3.41/pt),,
11551,"Snapple Lemon Diet Iced Tea, Case","Snapple Lemon Diet Iced Tea, Case",bev_family_size,beverages,"64oz, 8 per case","		$21.49/cs($0.67/pt)",21.49,cs(,0.67/pt),,
11552,"Snapple Lemon Iced Tea, Case","Snapple Lemon Iced Tea, Case",bev_family_size,beverages,"64oz, 8 per case","		$21.49/cs($0.67/pt)",21.49,cs(,0.67/pt),,
11553,"Snapple Peach Diet Iced Tea, Case","Snapple Peach Diet Iced Tea, Case",bev_family_size,beverages,"64oz, 8 per case","		$21.49/cs($0.67/pt)",21.49,cs(,0.67/pt),,
11564,"Starbucks Doubleshot Coffee + Energy, Coffee, Case","Starbucks Doubleshot Coffee + Energy, Coffee, Case",bev_family_size,beverages,"15oz, 12 per case","		$29.99/cs($2.67/pt)",29.99,cs(,2.67/pt),,
11565,"Starbucks Doubleshot Coffee + Energy, Mocha, Case","Starbucks Doubleshot Coffee + Energy, Mocha, Case",bev_family_size,beverages,"15oz, 12 per case","		$29.99/cs($2.67/pt)",29.99,cs(,2.67/pt),,
11566,"Starbucks Doubleshot Coffee + Energy, Vanilla, Case","Starbucks Doubleshot Coffee + Energy, Vanilla, Case",bev_family_size,beverages,"15oz, 12 per case","		$29.99/cs($2.67/pt)",29.99,cs(,2.67/pt),,
11567,"Starbucks Doubleshot Espresso & Cream, Case","Starbucks Doubleshot Espresso & Cream, Case",bev_family_size,beverages,"6.5oz, 12 per case","		$23.49/cs($4.81/pt)",23.49,cs(,4.81/pt),,
11568,"Starbucks Frappuccino Coffee Flavor 4-Pack, Case","Starbucks Frappuccino Coffee Flavor 4-Pack, Case",bev_family_size,beverages,"9.5oz bottle, 24 per case","		$34.99/cs($2.46/pt)",34.99,cs(,2.46/pt),,
11569,"Starbucks Frappuccino Mocha Flavor 4-Pack, Case","Starbucks Frappuccino Mocha Flavor 4-Pack, Case",bev_family_size,beverages,"9.5oz bottle, 24 per case","		$34.99/cs($2.46/pt)",34.99,cs(,2.46/pt),,
11570,"Starbucks Frappuccino Vanilla Flavor 4-Pack, Case","Starbucks Frappuccino Vanilla Flavor 4-Pack, Case",bev_family_size,beverages,"9.5oz bottle, 24 per case","		$34.99/cs($2.46/pt)",34.99,cs(,2.46/pt),,
11572,"Stumptown Coffee Roasters Cold Brew Coffee, Case","Stumptown Coffee Roasters Cold Brew Coffee, Case",bev_family_size,beverages,"12pk, 10.5oz ea","		$42.99/cs($5.46/pt)",42.99,cs(,5.46/pt),,
11579,"Turkey Hill Diet Iced Tea, Case","Turkey Hill Diet Iced Tea, Case",bev_family_size,beverages,"1.89 liter, 8 per case","		$11.49/cs($0.48/pt)",11.49,cs(,0.48/pt),,
11610,"Gatorade G Series Fruit Punch Sports Drink, Case","Gatorade G Series Fruit Punch Sports Drink, Case",bev_family_size,beverages,"32oz, 12 per case"," 	$0.00/null $20.28($0.00/pt)",0,null ,20.28(0.00/pt),0.00/pt),
11611,"Gatorade G-Series Lemon-Lime Sports Drink, Case","Gatorade G-Series Lemon-Lime Sports Drink, Case",bev_family_size,beverages,"32oz, 12 per case"," 	$0.00/null $20.28($0.00/pt)",0,null ,20.28(0.00/pt),0.00/pt),
11612,"Gatorade Low Calorie G2, Fruit Punch, Case","Gatorade Low Calorie G2, Fruit Punch, Case",bev_family_size,beverages,12ct," 	$0.00/null $20.28($0.00/pt)",0,null ,20.28(0.00/pt),0.00/pt),
11613,"Gatorade Low Calorie G2, Grape, Case","Gatorade Low Calorie G2, Grape, Case",bev_family_size,beverages,12ct," 	$0.00/null $20.28($0.00/pt)",0,null ,20.28(0.00/pt),0.00/pt),
11614,"Gatorade Low Calorie G2, Orange, Case","Gatorade Low Calorie G2, Orange, Case",bev_family_size,beverages,12ct," 	$0.00/null $20.28($0.00/pt)",0,null ,20.28(0.00/pt),0.00/pt),
11617,illy issimo Cappuccino Coffee-to-Go,illy issimo Cappuccino Coffee-to-Go,bev_family_size,beverages,9.5oz bottles 12pk,"		$0.00/null($0.00/pt)",0,null(,0.00/pt),,
11618,illy issimo Macchiato Coffee-to-Go,illy issimo Macchiato Coffee-to-Go,bev_family_size,beverages,"9.5oz bottles, 12pk","		$0.00/null($0.00/pt)",0,null(,0.00/pt),,
11623,"vitaminwater coco refresh (pineapple-coconut), case","vitaminwater coco refresh (pineapple-coconut), case",bev_family_size,beverages,"20oz bottles, 24ct","		$0.00/null($0.00/pt)",0,null(,0.00/pt),,
11624,Nabisco Oreo Cookies,Nabisco Oreo Cookies,gro_cooki,pantry,14.3oz,"		$4.29/ea($4.82/lb)",4.29,ea(,4.82/lb),,
11627,Entenmann's Little Bites Chocolate Chip Muffins,Entenmann's Little Bites Chocolate Chip Muffins,gro_cooki,pantry,"5pk, 1.65oz ea","		$4.69/ea($9.02/lb)",4.69,ea(,9.02/lb),,
11631,Nabisco Chips Ahoy! Chocolate Chip Cookies,Nabisco Chips Ahoy! Chocolate Chip Cookies,gro_cooki,pantry,13oz,"		$4.39/ea($5.42/lb)",4.39,ea(,5.42/lb),,
11633,Nabisco Oreo Double Stuf Chocolate Vanilla Cream Cookies,Nabisco Oreo Double Stuf Chocolate Vanilla Cream Cookies,gro_cooki,pantry,15.35oz,"		$4.29/ea($4.47/lb)",4.29,ea(,4.47/lb),,
11635,Pepperidge Farm Double Chocolate Milano Cookies,Pepperidge Farm Double Chocolate Milano Cookies,gro_cooki,pantry,7.5oz,"		$3.69/ea($7.85/lb)",3.69,ea(,7.85/lb),,
11639,Entenmann's Little Bites Fudge Brownies,Entenmann's Little Bites Fudge Brownies,gro_cooki,pantry,"5pk, 1.65oz ea","		$4.69/ea($9.02/lb)",4.69,ea(,9.02/lb),,
11640,Entenmann's Original Chocolate Chip Cookies,Entenmann's Original Chocolate Chip Cookies,gro_cooki,pantry,12oz,"		$4.29/ea($5.72/lb)",4.29,ea(,5.72/lb),,
11645,General Mills Fiber One 90 Calorie Chocolate Chip Cookie Brownie,General Mills Fiber One 90 Calorie Chocolate Chip Cookie Brownie,gro_cooki,pantry,"6ct, 0.89oz ea","		$4.79/ea($14.52/lb)",4.79,ea(,14.52/lb),,
11648,LU Le Petit Ecolier Dark Chocolate Cookies,LU Le Petit Ecolier Dark Chocolate Cookies,gro_cooki,pantry,5oz,"		$3.59/ea($11.58/lb)",3.59,ea(,11.58/lb),,
11649,Nabisco Fig Newtons Fat Free Cookies,Nabisco Fig Newtons Fat Free Cookies,gro_cooki,pantry,12oz,"		$4.89/ea($6.52/lb)",4.89,ea(,6.52/lb),,
11650,Nabisco Golden Oreo Cookies,Nabisco Golden Oreo Cookies,gro_cooki,pantry,14.3oz,"		$4.29/ea($4.82/lb)",4.29,ea(,4.82/lb),,
11652,Nabisco Lorna Doone Shortbread Cookie Crisps - 100 Calorie Packs,Nabisco Lorna Doone Shortbread Cookie Crisps - 100 Calorie Packs,gro_cooki,pantry,(4.44oz each),"		$3.59/ea($12.82/lb)",3.59,ea(,12.82/lb),,
11653,"Nabisco Mini Oreo Cookies, Packs","Nabisco Mini Oreo Cookies, Packs",gro_cooki,pantry,"12ct, 1oz ea","		$6.49/ea($8.65/lb)",6.49,ea(,8.65/lb),,
11654,Nabisco Nilla Wafers,Nabisco Nilla Wafers,gro_cooki,pantry,11oz,"		$4.59/ea($6.65/lb)",4.59,ea(,6.65/lb),,
11655,Pepperidge Farm Dark Chocolate Milano Cookies,Pepperidge Farm Dark Chocolate Milano Cookies,gro_cooki,pantry,6oz,"		$3.69/ea($9.71/lb)",3.69,ea(,9.71/lb),,
11658,"Vitalicious All Natural Banana Choco Chip VitaTops, 100 Calories","Vitalicious All Natural Banana Choco Chip VitaTops, 100 Calories",gro_cooki,pantry,"4pk, 2oz ea","		$4.99/ea($9.98/lb)",4.99,ea(,9.98/lb),,
11660,Bahlsen Choco Leibniz,Bahlsen Choco Leibniz,gro_cooki,pantry,4.4oz,"		$2.79/ea($9.96/lb)",2.79,ea(,9.96/lb),,
11661,"Bahlsen Hit, Vanilla Cookies Filled with Cocoa Cream","Bahlsen Hit, Vanilla Cookies Filled with Cocoa Cream",gro_cooki,pantry,4.7oz,"		$1.49/ea($5.07/lb)",1.49,ea(,5.07/lb),,
11662,Carr's Ginger Lemon Cremes,Carr's Ginger Lemon Cremes,gro_cooki,pantry,7oz,"		$3.99/ea($9.07/lb)",3.99,ea(,9.07/lb),,
11668,"Entenmann's 8 Variety Pack Donuts, Classic","Entenmann's 8 Variety Pack Donuts, Classic",gro_cooki,pantry,16oz,"		$5.49/ea($5.49/lb)",5.49,ea(,5.49/lb),,
11670,Entenmann's Ultimate Black & White Cookies,Entenmann's Ultimate Black & White Cookies,gro_cooki,pantry,11oz,"		$6.79/ea($9.84/lb)",6.79,ea(,9.84/lb),,
11696,Keebler Fudge Shoppe Fudge Stripes Cookies,Keebler Fudge Shoppe Fudge Stripes Cookies,gro_cooki,pantry,11.5oz,"		$3.69/ea($5.12/lb)",3.69,ea(,5.12/lb),,
11697,Keebler Soft Batch Chocolate Chip Cookie Packs,Keebler Soft Batch Chocolate Chip Cookie Packs,gro_cooki,pantry,"12pk, 2oz ea","		$6.59/ea($4.39/lb)",6.59,ea(,4.39/lb),,
11698,Nabisco Barnum's Animal Crackers,Nabisco Barnum's Animal Crackers,gro_cooki,pantry,2oz,"		$1.99/ea",1.99,ea,,,
11699,Nabisco Ginger Snaps Ginger & Molasses Cookies,Nabisco Ginger Snaps Ginger & Molasses Cookies,gro_cooki,pantry,16oz,"		$5.29/ea($5.29/lb)",5.29,ea(,5.29/lb),,
11701,Nabisco Lorna Doone Shortbread Cookies,Nabisco Lorna Doone Shortbread Cookies,gro_cooki,pantry,10oz,"		$4.99/ea($7.92/lb)",4.99,ea(,7.92/lb),,
11702,"Nabisco Mini Chips Ahoy! Cookies, Packs","Nabisco Mini Chips Ahoy! Cookies, Packs",gro_cooki,pantry,"12ct, 1oz ea","		$6.49/ea($8.65/lb)",6.49,ea(,8.65/lb),,
11703,Nabisco Nutter Butter Cookies,Nabisco Nutter Butter Cookies,gro_cooki,pantry,16oz,"		$4.59/ea($4.59/lb)",4.59,ea(,4.59/lb),,
11704,Nabisco Oreo Mini Chocolate Vanilla Cream Cookies,Nabisco Oreo Mini Chocolate Vanilla Cream Cookies,gro_cooki,pantry,8oz,"		$2.99/ea($5.98/lb)",2.99,ea(,5.98/lb),,
11705,Nabisco Teddy Grahams Chocolate Graham Cookies,Nabisco Teddy Grahams Chocolate Graham Cookies,gro_cooki,pantry,10oz,"		$3.59/ea($5.70/lb)",3.59,ea(,5.70/lb),,
11706,Nabisco Teddy Grahams Chocolatey Chip Graham Cookies,Nabisco Teddy Grahams Chocolatey Chip Graham Cookies,gro_cooki,pantry,10oz,"		$3.59/ea($5.70/lb)",3.59,ea(,5.70/lb),,
11707,Nabisco Teddy Grahams Honey Graham Cookies,Nabisco Teddy Grahams Honey Graham Cookies,gro_cooki,pantry,10oz,"		$3.59/ea($5.70/lb)",3.59,ea(,5.70/lb),,
11708,Pepperidge Farm Chessmen Cookies,Pepperidge Farm Chessmen Cookies,gro_cooki,pantry,7.25oz,"		$3.49/ea($7.76/lb)",3.49,ea(,7.76/lb),,
11709,Pepperidge Farm Milk Chocolate Chunk Macadamia Sausalito Cookies,Pepperidge Farm Milk Chocolate Chunk Macadamia Sausalito Cookies,gro_cooki,pantry,7.2oz,"		$3.49/ea($7.76/lb)",3.49,ea(,7.76/lb),,
11710,Pepperidge Farm Soft Baked Santa Cruz Oatmeal Raisin Cookies,Pepperidge Farm Soft Baked Santa Cruz Oatmeal Raisin Cookies,gro_cooki,pantry,8.6oz,"		$3.49/ea($6.46/lb)",3.49,ea(,6.46/lb),,
11720,Bahlsen Afrika Dark Chocolate,Bahlsen Afrika Dark Chocolate,gro_cooki,pantry,4.6oz,"		$3.19/ea",3.19,ea,,,
11721,Bahlsen Butter Leaves,Bahlsen Butter Leaves,gro_cooki,pantry,4.4oz,"		$2.79/ea($9.96/lb)",2.79,ea(,9.96/lb),,
11722,Bahlsen Hit Chocolate Cookies with Vanilla Filling,Bahlsen Hit Chocolate Cookies with Vanilla Filling,gro_cooki,pantry,4.7oz,"		$1.49/ea($5.07/lb)",1.49,ea(,5.07/lb),,
11736,Keebler Frosted Animal Cookies,Keebler Frosted Animal Cookies,gro_cooki,pantry,13oz.,"		$3.69/ea($4.56/lb)",3.69,ea(,4.56/lb),,
11737,Keebler Golden Vanilla Wafers,Keebler Golden Vanilla Wafers,gro_cooki,pantry,12oz,"		$3.69/ea($4.92/lb)",3.69,ea(,4.92/lb),,
11738,Keebler Vienna Fingers Creme Filled Sandwich Cookies,Keebler Vienna Fingers Creme Filled Sandwich Cookies,gro_cooki,pantry,14.2oz,"		$3.69/ea($4.16/lb)",3.69,ea(,4.16/lb),,
11739,Kellogg's Original Rice Krispies Treats,Kellogg's Original Rice Krispies Treats,gro_cooki,pantry,"8ct, 0.78oz (22g) ea","		$2.99/ea($7.72/lb)",2.99,ea(,7.72/lb),,
11748,Pierre Biscuiterie French Butter Cookies Coated in Dark Chocolate,Pierre Biscuiterie French Butter Cookies Coated in Dark Chocolate,gro_cooki,pantry,4.76oz,"		$4.99/ea($16.63/lb)",4.99,ea(,16.63/lb),,
11749,Pierre Biscuiterie French Butter Cookies Coated in Milk Chocolate,Pierre Biscuiterie French Butter Cookies Coated in Milk Chocolate,gro_cooki,pantry,4.76oz,"		$4.99/ea($16.63/lb)",4.99,ea(,16.63/lb),,
11750,Pierre Biscuiterie French Butter Cookies with Lemon & Almond,Pierre Biscuiterie French Butter Cookies with Lemon & Almond,gro_cooki,pantry,5.29oz,"		$4.99/ea($15.12/lb)",4.99,ea(,15.12/lb),,
11751,Pierre Biscuiterie French Pure Butter Cookies,Pierre Biscuiterie French Pure Butter Cookies,gro_cooki,pantry,4.41oz,"		$4.99/ea($17.82/lb)",4.99,ea(,17.82/lb),,
11757,"Sheila G's Brownie Brittle, Chocolate Chip","Sheila G's Brownie Brittle, Chocolate Chip",gro_cooki,pantry,5oz,"		$3.99/ea($12.87/lb)",3.99,ea(,12.87/lb),,
11758,"Sheila G's Brownie Brittle, Mint Chocolate Chip","Sheila G's Brownie Brittle, Mint Chocolate Chip",gro_cooki,pantry,5oz,"		$3.99/ea($12.87/lb)",3.99,ea(,12.87/lb),,
11759,"Sheila G's Brownie Brittle, Salted Caramel","Sheila G's Brownie Brittle, Salted Caramel",gro_cooki,pantry,5oz,"		$3.99/ea($12.87/lb)",3.99,ea(,12.87/lb),,
11760,"Sheila G's Brownie Brittle, Toffee Crunch","Sheila G's Brownie Brittle, Toffee Crunch",gro_cooki,pantry,5oz,"		$3.99/ea($12.87/lb)",3.99,ea(,12.87/lb),,
11765,Entenmann's Little Bites Blueberry Muffins,Entenmann's Little Bites Blueberry Muffins,gro_cooki,pantry,"5pk, 1.65oz ea","		$0.00/null($0.00/lb)",0,null(,0.00/lb),,
11767,"Nabisco Teddy Grahams Variety Pack (Chocolate, Honey, Cinnamon)","Nabisco Teddy Grahams Variety Pack (Chocolate, Honey, Cinnamon)",gro_cooki,pantry,"12ct, 1oz ea","		$0.00/null($0.00/lb)",0,null(,0.00/lb),,
11768,"Tate's Bake Shop All Natural Cookies, Whole Wheat Dark Chocolate","Tate's Bake Shop All Natural Cookies, Whole Wheat Dark Chocolate",gro_cooki,pantry,7oz," 	$0.00/null $5.49($0.00/lb)",0,null ,5.49(0.00/lb),0.00/lb),
11769,Bacardí  151 Rum,Bacardí  151 Rum,vin_spirits_rum,wine,750ml,"		$25.99/ea($34.65/l)",25.99,ea(,34.65/l),,
11770,Bacardí  Gold Premium Rum,Bacardí  Gold Premium Rum,vin_spirits_rum,wine,1L (1000ml),"		$22.99/ea($22.99/l)",22.99,ea(,22.99/l),,
11771,Bacardí  Gold Premium Rum,Bacardí  Gold Premium Rum,vin_spirits_rum,wine,750ml,"		$17.99/ea($23.99/l)",17.99,ea(,23.99/l),,
11772,"Bacardí  Rum, Coconut","Bacardí  Rum, Coconut",vin_spirits_rum,wine,1L (1000ml),"		$22.99/ea($22.99/l)",22.99,ea(,22.99/l),,
11773,Bacardí  Superior Premium Rum,Bacardí  Superior Premium Rum,vin_spirits_rum,wine,750ml,"		$19.99/ea($26.65/l)",19.99,ea(,26.65/l),,
11774,Bacardí  Superior Premium Rum,Bacardí  Superior Premium Rum,vin_spirits_rum,wine,1.75L (1750ml),"		$29.99/ea($17.14/l)",29.99,ea(,17.14/l),,
11775,Captain Morgan Original Spiced Rum,Captain Morgan Original Spiced Rum,vin_spirits_rum,wine,750ml,"		$24.99/ea($33.32/l)",24.99,ea(,33.32/l),,
11776,Captain Morgan Original Spiced Rum,Captain Morgan Original Spiced Rum,vin_spirits_rum,wine,1L (1000ml),"		$31.99/ea($31.99/l)",31.99,ea(,31.99/l),,
11777,Castillo Gold Rum,Castillo Gold Rum,vin_spirits_rum,wine,1L (1000ml),"		$13.99/ea($13.99/l)",13.99,ea(,13.99/l),,
11778,Castillo Gold Rum,Castillo Gold Rum,vin_spirits_rum,wine,750ml,"		$11.99/ea($15.99/l)",11.99,ea(,15.99/l),,
11779,Gosling's Black Seal Rum,Gosling's Black Seal Rum,vin_spirits_rum,wine,750ml,"		$21.99/ea($29.32/l)",21.99,ea(,29.32/l),,
11780,Malibu Coconut Rum,Malibu Coconut Rum,vin_spirits_rum,wine,1000ml,"		$27.99/ea($27.99/l)",27.99,ea(,27.99/l),,
11782,Mount Gay Eclipse Rum,Mount Gay Eclipse Rum,vin_spirits_rum,wine,750ml,"		$25.99/ea($34.65/l)",25.99,ea(,34.65/l),,
11783,Myers's Original Dark Jamaican Rum,Myers's Original Dark Jamaican Rum,vin_spirits_rum,wine,750ml,"		$34.99/ea($46.65/l)",34.99,ea(,46.65/l),,
11785,Plantation Silver Rum 3 Stars,Plantation Silver Rum 3 Stars,vin_spirits_rum,wine,750ml,"		$17.99/ea($23.99/l)",17.99,ea(,23.99/l),,
11786,Rhum Clément Créole Shrubb Liqueur d'Orange,Rhum Clément Créole Shrubb Liqueur d'Orange,vin_spirits_rum,wine,750ml,"		$34.99/ea($46.65/l)",34.99,ea(,46.65/l),,
11787,Rhum Clément Première Canne Rhum Blanc,Rhum Clément Première Canne Rhum Blanc,vin_spirits_rum,wine,750ml,"		$29.99/ea($39.99/l)",29.99,ea(,39.99/l),,
11788,Rhum Clément V.S.O.P. Rum,Rhum Clément V.S.O.P. Rum,vin_spirits_rum,wine,750ml,"		$39.99/ea($53.32/l)",39.99,ea(,53.32/l),,
11789,Sailor Jerry Spiced Navy Rum,Sailor Jerry Spiced Navy Rum,vin_spirits_rum,wine,750ml,"		$27.99/ea($37.32/l)",27.99,ea(,37.32/l),,
11790,The Kraken Black Spiced Rum,The Kraken Black Spiced Rum,vin_spirits_rum,wine,750ml,"		$24.99/ea($33.32/l)",24.99,ea(,33.32/l),,
11792,Bacardí  151 Rum,Bacardí  151 Rum,vin_spirits_rum,wine,1L (1000ml),"		$0.00/null($0.00/l)",0,null(,0.00/l),,
11847,Poland Spring 100% Natural Spring Water,Poland Spring 100% Natural Spring Water,bev_organic,shop,8oz bottles 12pk,"		$3.59/ea($0.60/pt)",3.59,ea(,0.60/pt),,
11849,Apple & Eve Organic Apple Juice,Apple & Eve Organic Apple Juice,bev_organic,shop,48oz plastic bottle,"		$3.49/ea($1.16/pt)",3.49,ea(,1.16/pt),,
11862,Poland Spring Distilled Water,Poland Spring Distilled Water,bev_organic,shop,1 gallon,"		$1.39/ea($0.17/pt)",1.39,ea(,0.17/pt),,
11866,Apple & Eve Naturally Cranberry Juice,Apple & Eve Naturally Cranberry Juice,bev_organic,shop,64oz plastic bottle,"		$3.99/ea($1.00/pt)",3.99,ea(,1.00/pt),,
11869,"Evian Spring Water, Clear Plastic Bottle","Evian Spring Water, Clear Plastic Bottle",bev_organic,shop,1.5 liter bottle,"		$2.69/ea($0.85/pt)",2.69,ea(,0.85/pt),,
11872,Honest Kids Organic Berry Berry Good Lemonade Pouches,Honest Kids Organic Berry Berry Good Lemonade Pouches,bev_organic,shop,"6.75oz pouches, 8pk","		$3.99/ea($1.18/pt)",3.99,ea(,1.18/pt),,
11873,Just FreshDirect Organic 100% Juice Apple Juice from Concentrate,Just FreshDirect Organic 100% Juice Apple Juice from Concentrate,bev_organic,shop,64oz,"		$3.99/ea($1.00/pt)",3.99,ea(,1.00/pt),,
11874,Just FreshDirect Organic Lemonade from Concentrate,Just FreshDirect Organic Lemonade from Concentrate,bev_organic,shop,64oz,"		$2.99/ea($0.75/pt)",2.99,ea(,0.75/pt),,
11875,Perrier Sparkling Natural Mineral Water,Perrier Sparkling Natural Mineral Water,bev_organic,shop,25.3oz (750ml),"		$1.89/ea($1.20/pt)",1.89,ea(,1.20/pt),,
11876,"Perrier Sparkling Natural Mineral Water, Slim Can","Perrier Sparkling Natural Mineral Water, Slim Can",bev_organic,shop,"10ct, 8.45oz ea","		$6.99/ea($1.32/pt)",6.99,ea(,1.32/pt),,
11877,"Perrier Sparkling Natural Mineral Water, Slim Can, Pink Grapefruit","Perrier Sparkling Natural Mineral Water, Slim Can, Pink Grapefruit",bev_organic,shop,"10ct, 8.45oz ea","		$6.99/ea($1.32/pt)",6.99,ea(,1.32/pt),,
11880,Poland Spring Sparkling Water,Poland Spring Sparkling Water,bev_organic,shop,1 liter,"		$1.19/ea($0.56/pt)",1.19,ea(,0.56/pt),,
11882,Apple & Eve Clear Apple Juice,Apple & Eve Clear Apple Juice,bev_organic,shop,64oz,"		$3.19/ea($0.80/pt)",3.19,ea(,0.80/pt),,
11883,Apple & Eve Fruitables Berry Berry Fruit & Vegetable Juice Boxes,Apple & Eve Fruitables Berry Berry Fruit & Vegetable Juice Boxes,bev_organic,shop,"6.75oz boxes, 8pk","		$3.69/ea($1.09/pt)",3.69,ea(,1.09/pt),,
11893,Ceres Mango Juice,Ceres Mango Juice,bev_organic,shop,1 liter carton,"		$3.69/ea($1.75/pt)",3.69,ea(,1.75/pt),,
11903,GuS Grown-up Soda Extra Dry Ginger Ale Soda,GuS Grown-up Soda Extra Dry Ginger Ale Soda,bev_organic,shop,12oz bottles 4pk,"		$6.49/ea($2.16/pt)",6.49,ea(,2.16/pt),,
11904,Honest Kids Organic Goodness Grapeness Pouches,Honest Kids Organic Goodness Grapeness Pouches,bev_organic,shop,"6.75oz pouches, 8pk","		$3.99/ea($1.18/pt)",3.99,ea(,1.18/pt),,
11905,Honest Tea Organic Honey Green Tea,Honest Tea Organic Honey Green Tea,bev_organic,shop,16.9oz,"		$1.59/ea($1.50/pt)",1.59,ea(,1.50/pt),,
11906,"Ito En Teas' Tea, Green Jasmine","Ito En Teas' Tea, Green Jasmine",bev_organic,shop,67.6oz,"		$4.99/ea($1.18/pt)",4.99,ea(,1.18/pt),,
11908,"Ito En Teas' Tea, Pure Green","Ito En Teas' Tea, Pure Green",bev_organic,shop,16.9oz,"		$1.99/ea($1.88/pt)",1.99,ea(,1.88/pt),,
11909,Ito En Teas' Tea Pure Green Tea,Ito En Teas' Tea Pure Green Tea,bev_organic,shop,67.6floz,"		$4.99/ea($1.18/pt)",4.99,ea(,1.18/pt),,
11910,Just FreshDirect Organic 100% Juice Cranberry Blend from Concentrate,Just FreshDirect Organic 100% Juice Cranberry Blend from Concentrate,bev_organic,shop,64oz,"		$4.99/ea($1.25/pt)",4.99,ea(,1.25/pt),,
11912,Perrier Sparkling Natural Mineral Water,Perrier Sparkling Natural Mineral Water,bev_organic,shop,"4pk, 11.15oz (330ml) ea","		$3.99/ea($1.43/pt)",3.99,ea(,1.43/pt),,
11913,"Perrier Sparkling Natural Mineral Water, Slim Can, Lime","Perrier Sparkling Natural Mineral Water, Slim Can, Lime",bev_organic,shop,"10ct, 8.45oz ea","		$6.99/ea($1.32/pt)",6.99,ea(,1.32/pt),,
11914,Poland Spring Lemon Flavored Sparkling Water,Poland Spring Lemon Flavored Sparkling Water,bev_organic,shop,1 liter,"		$1.19/ea($0.56/pt)",1.19,ea(,0.56/pt),,
11915,Poland Spring Lime Flavored Sparkling Water,Poland Spring Lime Flavored Sparkling Water,bev_organic,shop,1 liter,"		$1.19/ea($0.56/pt)",1.19,ea(,0.56/pt),,
11916,Poland Spring Orange Flavored Sparkling Water,Poland Spring Orange Flavored Sparkling Water,bev_organic,shop,1 liter,"		$1.19/ea($0.56/pt)",1.19,ea(,0.56/pt),,
11924,Santa Cruz Organic Lemonade,Santa Cruz Organic Lemonade,bev_organic,shop,32floz,"		$2.69/ea($1.34/pt)",2.69,ea(,1.34/pt),,
11926,Sunsweet Prune Juice,Sunsweet Prune Juice,bev_organic,shop,32oz,"		$3.29/ea($1.64/pt)",3.29,ea(,1.64/pt),,
11929,Apple & Eve 100% Apple Juice Boxes,Apple & Eve 100% Apple Juice Boxes,bev_organic,shop,8.45oz boxes 3pk,"		$1.59/ea($1.01/pt)",1.59,ea(,1.01/pt),,
11930,"Apple & Eve 100% Apple Juice, Jug","Apple & Eve 100% Apple Juice, Jug",bev_organic,shop,128oz plastic bottle,"		$5.79/ea($0.72/pt)",5.79,ea(,0.72/pt),,
11931,"Apple & Eve 100% Juice Very Berry Juice Boxes, No Sugar Added","Apple & Eve 100% Juice Very Berry Juice Boxes, No Sugar Added",bev_organic,shop,"6.75oz boxes, 8pk","		$3.69/ea($1.09/pt)",3.69,ea(,1.09/pt),,
11934,Apple & Eve Cranberry Apple 100% Juice,Apple & Eve Cranberry Apple 100% Juice,bev_organic,shop,64oz plastic bottle,"		$3.99/ea($1.00/pt)",3.99,ea(,1.00/pt),,
11935,Apple & Eve Cranberry Grape Apple Juice,Apple & Eve Cranberry Grape Apple Juice,bev_organic,shop,64oz plastic bottle,"		$3.99/ea($1.00/pt)",3.99,ea(,1.00/pt),,
11936,Apple & Eve Cranberry Raspberry Apple Juice,Apple & Eve Cranberry Raspberry Apple Juice,bev_organic,shop,64oz plastic bottle,"		$3.99/ea($1.00/pt)",3.99,ea(,1.00/pt),,
11938,Apple & Eve Fruitables Apple Harvest Fruit & Vegetable Beverage Boxes,Apple & Eve Fruitables Apple Harvest Fruit & Vegetable Beverage Boxes,bev_organic,shop,"6.75oz boxes, 8pk","		$3.69/ea($1.09/pt)",3.69,ea(,1.09/pt),,
11939,Apple & Eve Natural Apple Juice,Apple & Eve Natural Apple Juice,bev_organic,shop,64oz plastic bottle,"		$3.19/ea($0.80/pt)",3.19,ea(,0.80/pt),,
11947,Ceres Apricot Juice,Ceres Apricot Juice,bev_organic,shop,1 liter carton,"		$3.69/ea($1.75/pt)",3.69,ea(,1.75/pt),,
11948,Ceres Guava Juice,Ceres Guava Juice,bev_organic,shop,1 liter carton,"		$3.69/ea($1.75/pt)",3.69,ea(,1.75/pt),,
11949,Ceres Litchi Juice,Ceres Litchi Juice,bev_organic,shop,1 liter carton,"		$3.69/ea($1.75/pt)",3.69,ea(,1.75/pt),,
11950,Ceres Medley of Fruit Juice,Ceres Medley of Fruit Juice,bev_organic,shop,1 liter carton,"		$3.69/ea($1.75/pt)",3.69,ea(,1.75/pt),,
11951,Ceres Passion Fruit Juice,Ceres Passion Fruit Juice,bev_organic,shop,1 liter carton,"		$3.69/ea($1.75/pt)",3.69,ea(,1.75/pt),,
11952,Ceres Pear Juice,Ceres Pear Juice,bev_organic,shop,1 liter carton,"		$3.69/ea($1.75/pt)",3.69,ea(,1.75/pt),,
11953,Ceres Secrets of the Valley Fruit Juice,Ceres Secrets of the Valley Fruit Juice,bev_organic,shop,1 liter carton,"		$3.69/ea($1.75/pt)",3.69,ea(,1.75/pt),,
11956,Evian Spring Water,Evian Spring Water,bev_organic,shop,1 liter bottle,"		$1.79/ea($0.85/pt)",1.79,ea(,0.85/pt),,
11979,GuS Grown-up Soda Dry Cranberry Lime Soda,GuS Grown-up Soda Dry Cranberry Lime Soda,bev_organic,shop,12oz bottles 4pk,"		$6.49/ea($2.16/pt)",6.49,ea(,2.16/pt),,
11980,GuS Grown-up Soda Star Ruby Red Grapefruit Soda,GuS Grown-up Soda Star Ruby Red Grapefruit Soda,bev_organic,shop,12oz bottles 4pk,"		$6.49/ea($2.16/pt)",6.49,ea(,2.16/pt),,
11981,Honest Tea Organic Honey Green Tea,Honest Tea Organic Honey Green Tea,bev_organic,shop,59oz,"		$3.99/ea($1.08/pt)",3.99,ea(,1.08/pt),,
11982,Honest Tea Organic Lemon Black Tea,Honest Tea Organic Lemon Black Tea,bev_organic,shop,16.9oz,"		$1.49/ea($1.41/pt)",1.49,ea(,1.41/pt),,
11983,Ito En Sencha Shot Japanese Green Tea,Ito En Sencha Shot Japanese Green Tea,bev_organic,shop,6.4oz,"		$1.59/ea($3.98/pt)",1.59,ea(,3.98/pt),,
11984,"Ito En Teas' Tea, Green White","Ito En Teas' Tea, Green White",bev_organic,shop,16.9oz,"		$1.99/ea($1.88/pt)",1.99,ea(,1.88/pt),,
11993,"Perrier Sparkling Natural Mineral Water, Lemon","Perrier Sparkling Natural Mineral Water, Lemon",bev_organic,shop,"4pk, 11.15oz (330ml) ea","		$3.99/ea($1.43/pt)",3.99,ea(,1.43/pt),,
11994,"Perrier Sparkling Natural Mineral Water, Lemon","Perrier Sparkling Natural Mineral Water, Lemon",bev_organic,shop,25.3oz (750ml),"		$1.89/ea($1.20/pt)",1.89,ea(,1.20/pt),,
11995,"Perrier Sparkling Natural Mineral Water, Lime","Perrier Sparkling Natural Mineral Water, Lime",bev_organic,shop,"4pk, 11.15oz (330ml) ea","		$3.99/ea($1.43/pt)",3.99,ea(,1.43/pt),,
11996,"Perrier Sparkling Natural Mineral Water, Lime","Perrier Sparkling Natural Mineral Water, Lime",bev_organic,shop,25.3oz (750ml),"		$1.89/ea($1.20/pt)",1.89,ea(,1.20/pt),,
11998,"R.W. Knudsen Blueberry-Pomegranate Juice, Organic","R.W. Knudsen Blueberry-Pomegranate Juice, Organic",bev_organic,shop,32floz,"		$3.59/ea($1.80/pt)",3.59,ea(,1.80/pt),,
11999,"R.W. Knudsen Cranberry-Pomegranate Juice, Organic","R.W. Knudsen Cranberry-Pomegranate Juice, Organic",bev_organic,shop,32floz,"		$3.59/ea($1.80/pt)",3.59,ea(,1.80/pt),,
12000,"R.W. Knudsen Just Concord Grape Juice, Organic","R.W. Knudsen Just Concord Grape Juice, Organic",bev_organic,shop,32floz,"		$5.19/ea($2.60/pt)",5.19,ea(,2.60/pt),,
12001,R.W. Knudsen Just Cranberry Juice,R.W. Knudsen Just Cranberry Juice,bev_organic,shop,32floz,"		$6.79/ea($3.40/pt)",6.79,ea(,3.40/pt),,
12002,"R.W. Knudsen Very Veggie Juice, Low Sodium","R.W. Knudsen Very Veggie Juice, Low Sodium",bev_organic,shop,32floz,"		$3.19/ea($1.60/pt)",3.19,ea(,1.60/pt),,
12007,Santa Cruz Organic 100% Pure Lemon Juice,Santa Cruz Organic 100% Pure Lemon Juice,bev_organic,shop,16floz,"		$4.49/ea($2.24/pt)",4.49,ea(,2.24/pt),,
12008,Santa Cruz Organic Mango Lemonade,Santa Cruz Organic Mango Lemonade,bev_organic,shop,32floz,"		$2.69/ea($1.34/pt)",2.69,ea(,1.34/pt),,
12009,Santa Cruz Organic Strawberry Lemonade,Santa Cruz Organic Strawberry Lemonade,bev_organic,shop,32floz,"		$2.69/ea($1.34/pt)",2.69,ea(,1.34/pt),,
12015,Sunsweet Prune Juice,Sunsweet Prune Juice,bev_organic,shop,64oz,"		$4.59/ea($1.15/pt)",4.59,ea(,1.15/pt),,
12020,Tazo Organic Iced Green Tea,Tazo Organic Iced Green Tea,bev_organic,shop,13.8oz bottle,"		$1.49/ea($1.73/pt)",1.49,ea(,1.73/pt),,
12022,Volvic Natural Spring Water,Volvic Natural Spring Water,bev_organic,shop,1.5 liter,"		$1.99/ea($0.63/pt)",1.99,ea(,0.63/pt),,
12028,Bionaturae Organic Apricot Nectar,Bionaturae Organic Apricot Nectar,bev_organic,shop,25.4oz bottle,"		$3.79/ea($2.38/pt)",3.79,ea(,2.38/pt),,
12029,Bionaturae Organic Peach Nectar,Bionaturae Organic Peach Nectar,bev_organic,shop,25.4oz bottle,"		$3.79/ea($2.38/pt)",3.79,ea(,2.38/pt),,
12035,"Chameleon Cold-Brew Coffee Concentrate, Vanilla","Chameleon Cold-Brew Coffee Concentrate, Vanilla",bev_organic,shop,32floz,"		$11.99/ea($6.00/pt)",11.99,ea(,6.00/pt),,
12036,"Chameleon Cold-Brew Ready-to-Drink Coffee, Black","Chameleon Cold-Brew Ready-to-Drink Coffee, Black",bev_organic,shop,10floz,"		$3.99/ea($6.33/pt)",3.99,ea(,6.33/pt),,
12037,Coco Libre Pure Organic Coconut Water,Coco Libre Pure Organic Coconut Water,bev_organic,shop,11oz,"		$1.99/ea($2.88/pt)",1.99,ea(,2.88/pt),,
12043,"J.K.'s Scrumpy Organic Farmhouse Hard Cider, Orchard Gate Gold","J.K.'s Scrumpy Organic Farmhouse Hard Cider, Orchard Gate Gold",bev_organic,shop,22oz,"		$8.99/ea($6.51/pt)",8.99,ea(,6.51/pt),,
12058,"Red Thread Good Cold Brew Coffee, Coconut","Red Thread Good Cold Brew Coffee, Coconut",bev_organic,shop,12floz,"		$3.99/ea($5.32/pt)",3.99,ea(,5.32/pt),,
12059,"Red Thread Good Cold Brew Coffee, Decaf Dreamy","Red Thread Good Cold Brew Coffee, Decaf Dreamy",bev_organic,shop,12floz,"		$3.99/ea($5.32/pt)",3.99,ea(,5.32/pt),,
12060,"Red Thread Good Cold Brew Coffee, Dreamy","Red Thread Good Cold Brew Coffee, Dreamy",bev_organic,shop,12floz,"		$3.99/ea($5.32/pt)",3.99,ea(,5.32/pt),,
12061,"Red Thread Good Cold Brew Coffee, Purist","Red Thread Good Cold Brew Coffee, Purist",bev_organic,shop,12floz,"		$3.99/ea($5.32/pt)",3.99,ea(,5.32/pt),,
12067,Tazo Organic Iced Black Tea,Tazo Organic Iced Black Tea,bev_organic,shop,13.8oz bottle,"		$1.49/ea($1.73/pt)",1.49,ea(,1.73/pt),,
12081,Zico Pineapple Coconut Water,Zico Pineapple Coconut Water,bev_organic,shop,14oz,"		$2.39/ea($2.72/pt)",2.39,ea(,2.72/pt),,
12084,"Ito En Teas' Tea, Golden Oolong","Ito En Teas' Tea, Golden Oolong",bev_organic,shop,16.9oz,"		$0.00/null($0.00/pt)",0,null(,0.00/pt),,
12087,Kedem All-Natural Apple Juice,Kedem All-Natural Apple Juice,bev_organic,shop,64 oz," 	$0.00/null $2.99($0.00/pt)",0,null ,2.99(0.00/pt),0.00/pt),
12099,Marinated Bocconcini,Marinated Bocconcini,mozza,cheese,NA,"		$8.19/lb",8.19,lb,,,
12130,Aged Manchego Mitica & Shelburne Cheddar Cheese Board ,Aged Manchego Mitica & Shelburne Cheddar Cheese Board ,cheboards,cheese,"Serves 2-3, approx 1lb","		$19.99/ea",19.99,ea,,,
12131,Bicoastal Cheese Plate,Bicoastal Cheese Plate,cheboards,cheese,approx. 0.90 lb of cheese (Serves 4-6),"		$45.00/ea",45,ea,,,
12132,Classic Cheese Duo Platter,Classic Cheese Duo Platter,cheboards,cheese,approx.  0.90 lbs of cheese (serves 4-6),"		$50.00/ea",50,ea,,,
12133,Classic Trio Cheese Platter,Classic Trio Cheese Platter,cheboards,cheese,approx. 1.6 lbs of cheese (serves 8-10),"		$65.00/ea",65,ea,,,
12136,European Cheese Plate (without Crackers),European Cheese Plate (without Crackers),cheboards,cheese,approx. 2 lb cheese (serves 8-10),"		$70.00/ea",70,ea,,,
12137,European Specialty Cheese Plate,European Specialty Cheese Plate,cheboards,cheese,approx. 2.25 lbs of cheese (Serves 10-14),"		$80.00/ea",80,ea,,,
12138,Humboldt Fog Chèvre & Piave Vecchio Cheese Board,Humboldt Fog Chèvre & Piave Vecchio Cheese Board,cheboards,cheese,"Serves 2-3, approx 0.7lb","		$18.99/ea",18.99,ea,,,
12139,Light Cheese Plate,Light Cheese Plate,cheboards,cheese,approx. 2 lbs of cheese (Serves 8-10),"		$55.00/ea",55,ea,,,
12141,Minute Maid Calcium Rich Orange Juice Concentrate,Minute Maid Calcium Rich Orange Juice Concentrate,fro_juice,frozen,12oz,"		$2.99/ea($3.99/lb)",2.99,ea(,3.99/lb),,
12143,Kids Meals Cheesy Chicken Parm & Fusilli,Kids Meals Cheesy Chicken Parm & Fusilli,hmr_kidsmeals,meals,10.3oz,"		$4.99/eaAny 2 Kids Meals for $8.00($7.80/lb)Mix'n'Match",4.99,eaAny 2 Kids Meals for ,8.00(7.80/lb)Mix'n'Match,7.80/lb)Mix'n'Match,
12144,Kids Meals Mac 'n' Cheese 'n' Trees,Kids Meals Mac 'n' Cheese 'n' Trees,hmr_kidsmeals,meals,8.1 oz,"		$4.99/eaAny 2 Kids Meals for $8.00($9.78/lb)Mix'n'Match",4.99,eaAny 2 Kids Meals for ,8.00(9.78/lb)Mix'n'Match,9.78/lb)Mix'n'Match,
12145,Kids Meals Megaroni & Beef,Kids Meals Megaroni & Beef,hmr_kidsmeals,meals,7.8oz,"		$4.99/eaAny 2 Kids Meals for $8.00($10.18/lb)Mix'n'Match",4.99,eaAny 2 Kids Meals for ,8.00(10.18/lb)Mix'n'Match,10.18/lb)Mix'n'Match,
12146,Kids Meals Neato-Burrito,Kids Meals Neato-Burrito,hmr_kidsmeals,meals,8.7 oz,"		$4.99/eaAny 2 Kids Meals for $8.00($9.24/lb)Mix'n'Match",4.99,eaAny 2 Kids Meals for ,8.00(9.24/lb)Mix'n'Match,9.24/lb)Mix'n'Match,
12147,Kids Meals Cheese-Stuffed Jumbo! Shells,Kids Meals Cheese-Stuffed Jumbo! Shells,hmr_kidsmeals,meals,7.9oz,"		$4.99/eaAny 2 Kids Meals for $8.00($10.18/lb)Mix'n'Match",4.99,eaAny 2 Kids Meals for ,8.00(10.18/lb)Mix'n'Match,10.18/lb)Mix'n'Match,
12148,Kids Meals Cheesy Ravioli-Yos!,Kids Meals Cheesy Ravioli-Yos!,hmr_kidsmeals,meals,9.5oz,"		$4.99/eaAny 2 Kids Meals for $8.00($8.46/lb)Mix'n'Match",4.99,eaAny 2 Kids Meals for ,8.00(8.46/lb)Mix'n'Match,8.46/lb)Mix'n'Match,
12149,Kids Meals Chicken Nuggets,Kids Meals Chicken Nuggets,hmr_kidsmeals,meals,8.5 oz,"		$4.99/eaAny 2 Kids Meals for $8.00($9.42/lb)Mix'n'Match",4.99,eaAny 2 Kids Meals for ,8.00(9.42/lb)Mix'n'Match,9.42/lb)Mix'n'Match,
12150,Kids Meals Chicken Teriyaki Dunk-lings,Kids Meals Chicken Teriyaki Dunk-lings,hmr_kidsmeals,meals,7.1 oz,"		$4.99/eaAny 2 Kids Meals for $8.00Mix'n'Match",4.99,eaAny 2 Kids Meals for ,8.00Mix'n'Match,,
12151,Kids Meals Turkey Meatloaf & Sweet Tater Mash,Kids Meals Turkey Meatloaf & Sweet Tater Mash,hmr_kidsmeals,meals,8.3oz,"		$4.99/eaAny 2 Kids Meals for $8.00($9.60/lb)Mix'n'Match",4.99,eaAny 2 Kids Meals for ,8.00(9.60/lb)Mix'n'Match,9.60/lb)Mix'n'Match,
12153,FreshDirect Crispy Chicken Fingers,FreshDirect Crispy Chicken Fingers,hmr_kidsmeals,meals,14oz,"		$7.99/ea($9.08/lb)",7.99,ea(,9.08/lb),,
12156,Sides in a Snap Broccoli w/ Cheese,Sides in a Snap Broccoli w/ Cheese,hmr_kidsmeals,meals,8.9oz,"		$5.99/eaSave! 2 for $10.00($10.70/lb)",5.99,eaSave! 2 for ,10.00(10.70/lb),10.70/lb),
12166,Jell-O Fat Free Chocolate/Vanilla Swirls Pudding Snacks,Jell-O Fat Free Chocolate/Vanilla Swirls Pudding Snacks,dai_puddi,dairy,4pk (15.5oz),"		$3.29/ea($3.29/lb)",3.29,ea(,3.29/lb),,
12167,Jell-O Sugar Free Raspberry Gelatin Snacks,Jell-O Sugar Free Raspberry Gelatin Snacks,dai_puddi,dairy,"4pk, 12.5oz","		$3.29/ea($4.22/lb)",3.29,ea(,4.22/lb),,
12170,"The Chia Co Chia Pod, Vanilla Bean & Cinnamon","The Chia Co Chia Pod, Vanilla Bean & Cinnamon",dai_puddi,dairy,6oz,"		$3.49/ea($9.18/lb)",3.49,ea(,9.18/lb),,
12171,"The Epic Seed Greek Yogurt + Chia,  Strawberry","The Epic Seed Greek Yogurt + Chia,  Strawberry",dai_puddi,dairy,6oz," 	$2.49/ea $2.99Any 2 Epic Seed Greek Yogurts for $4.00Mix'n'Match",2.49,ea ,2.99Any 2 Epic Seed Greek Yogurts for 4.00Mix'n'Match,4.00Mix'n'Match,
12174,Jell-O Chocolate Vanilla Swirls Pudding Snacks,Jell-O Chocolate Vanilla Swirls Pudding Snacks,dai_puddi,dairy,"4pk, 15.5oz","		$3.29/ea",3.29,ea,,,
12175,Jell-O Fat Free Chocolate Pudding Snacks,Jell-O Fat Free Chocolate Pudding Snacks,dai_puddi,dairy,4pk (15.5oz),"		$3.29/ea($3.29/lb)",3.29,ea(,3.29/lb),,
12176,Jell-O Strawberry Gelatin Snacks,Jell-O Strawberry Gelatin Snacks,dai_puddi,dairy,"4pk, 13.5oz","		$3.29/ea",3.29,ea,,,
12177,Kozy Shack Rice Pudding,Kozy Shack Rice Pudding,dai_puddi,dairy,22oz,"		$3.89/ea",3.89,ea,,,
12179,"The Chia Co Chia Pod, Banana","The Chia Co Chia Pod, Banana",dai_puddi,dairy,6oz,"		$3.49/ea($9.18/lb)",3.49,ea(,9.18/lb),,
12180,"The Epic Seed Greek Yogurt + Chia,  Peach","The Epic Seed Greek Yogurt + Chia,  Peach",dai_puddi,dairy,6.6oz," 	$2.49/ea $2.99Any 2 Epic Seed Greek Yogurts for $4.00($6.07/lb)Mix'n'Match",2.49,ea ,2.99Any 2 Epic Seed Greek Yogurts for 4.00(6.07/lb)Mix'n'Match,4.00(,6.07/lb)Mix'n'Match
12181,"The Chia Co Chia Pod, Mango","The Chia Co Chia Pod, Mango",dai_puddi,dairy,6oz,"		$3.49/ea($9.18/lb)",3.49,ea(,9.18/lb),,
12182,"The Epic Seed Greek Yogurt + Chia,  Blackberry","The Epic Seed Greek Yogurt + Chia,  Blackberry",dai_puddi,dairy,6.6oz," 	$2.49/ea $2.99Any 2 Epic Seed Greek Yogurts for $4.00($6.07/lb)Mix'n'Match",2.49,ea ,2.99Any 2 Epic Seed Greek Yogurts for 4.00(6.07/lb)Mix'n'Match,4.00(,6.07/lb)Mix'n'Match
12183,FreshDirect Cashew Milk Chia & Pomegranate Crunch,FreshDirect Cashew Milk Chia & Pomegranate Crunch,dai_puddi,dairy,6oz,"		$3.99/eaAny 2 Yogurt & Chia Parfaits for $7.00($10.50/lb)Mix'n'Match",3.99,eaAny 2 Yogurt & Chia Parfaits for ,7.00(10.50/lb)Mix'n'Match,10.50/lb)Mix'n'Match,
12187,"Hunt's Snack Pack Chocolate Pudding, Unrefrigerated","Hunt's Snack Pack Chocolate Pudding, Unrefrigerated",dai_puddi,dairy,4pk (13oz),"		$1.69/ea($2.09/lb)",1.69,ea(,2.09/lb),,
12188,"Hunt's Snack Pack Vanilla Pudding, Unrefrigerated","Hunt's Snack Pack Vanilla Pudding, Unrefrigerated",dai_puddi,dairy,4pk (13oz),"		$1.69/ea($2.09/lb)",1.69,ea(,2.09/lb),,
12189,Jell-O Chocolate Flavored Pudding Snacks,Jell-O Chocolate Flavored Pudding Snacks,dai_puddi,dairy,4pk (15.5oz),"		$3.29/ea",3.29,ea,,,
12191,"The Chia Co Chia Pod, Blueberry","The Chia Co Chia Pod, Blueberry",dai_puddi,dairy,6oz,"		$3.49/ea($9.18/lb)",3.49,ea(,9.18/lb),,
12192,"The Epic Seed Greek Yogurt + Chia,  Blueberry","The Epic Seed Greek Yogurt + Chia,  Blueberry",dai_puddi,dairy,6.6oz," 	$2.49/ea $2.99Any 2 Epic Seed Greek Yogurts for $4.00($6.07/lb)Mix'n'Match",2.49,ea ,2.99Any 2 Epic Seed Greek Yogurts for 4.00(6.07/lb)Mix'n'Match,4.00(,6.07/lb)Mix'n'Match
12194,FreshDirect Matcha Chia-Oat Pudding & Salted Peanut Crunch,FreshDirect Matcha Chia-Oat Pudding & Salted Peanut Crunch,dai_puddi,dairy,6oz,"		$3.99/eaAny 2 Yogurt & Chia Parfaits for $7.00($10.50/lb)Mix'n'Match",3.99,eaAny 2 Yogurt & Chia Parfaits for ,7.00(10.50/lb)Mix'n'Match,10.50/lb)Mix'n'Match,
12196,"The Chia Co Chia Pod, Dark Cacao","The Chia Co Chia Pod, Dark Cacao",dai_puddi,dairy,6oz,"		$3.49/ea($9.18/lb)",3.49,ea(,9.18/lb),,
12198,"Whole Turkey, All-Natural, Grade A, Frozen ","Whole Turkey, All-Natural, Grade A, Frozen ",mt_trky,meat,10-12lbs,"		$1.89/lb",1.89,lb,,,
12208,"Russet Potato, Medium","Russet Potato, Medium",pot,vegetables,NA,"		$0.99/lb",0.99,lb,,,
12209,Yukon Gold Potatoes,Yukon Gold Potatoes,pot,vegetables,NA,"		$1.49/lb",1.49,lb,,,
12210,"Red Potato, Medium","Red Potato, Medium",pot,vegetables,NA,"		$1.29/lb",1.29,lb,,,
12233,"White Sweet Potato, Medium","White Sweet Potato, Medium",pot,vegetables,NA,"		$1.49/lb",1.49,lb,,,
12235,Stokes Purple Sweet Potato,Stokes Purple Sweet Potato,pot,vegetables,NA,"		$4.99/lb",4.99,lb,,,
12286,Roasted Red Peppers,Roasted Red Peppers,anti,deli,each,"		$4.99/lb",4.99,lb,,,
12291,Italian Grilled Peppers,Italian Grilled Peppers,anti,deli,NA,"		$12.99/lb",12.99,lb,,,
12294,Peppadew Peppers,Peppadew Peppers,anti,deli,NA,"		$10.99/lb",10.99,lb,,,
12295,Bel Aria White Flat Anchovies,Bel Aria White Flat Anchovies,anti,deli,4oz,"		$8.99/ea",8.99,ea,,,
12296,Caper Berries,Caper Berries,anti,deli,NA,"		$8.99/lb",8.99,lb,,,
12297,Cipolline Onions in Balsamic Vinegar,Cipolline Onions in Balsamic Vinegar,anti,deli,NA,"		$7.99/lb",7.99,lb,,,
12298,Grilled Mushrooms,Grilled Mushrooms,anti,deli,NA,"		$15.99/lb",15.99,lb,,,
12299,Italian Grilled Aubergines,Italian Grilled Aubergines,anti,deli,NA,"		$15.99/lb",15.99,lb,,,
12300,Italian Sun-Dried Tomatoes,Italian Sun-Dried Tomatoes,anti,deli,NA,"		$9.99/lb",9.99,lb,,,
12301,Roasted Tomatoes,Roasted Tomatoes,anti,deli,NA,"		$13.99/lb",13.99,lb,,,
12302,Stuffed Grape Leaves,Stuffed Grape Leaves,anti,deli,33.8oz,"		$0.00/null",0,null,,,
12304,Italian Roman Style Long-Stemmed Artichokes,Italian Roman Style Long-Stemmed Artichokes,anti,deli,NA,"		$0.00/null",0,null,,,
12305,Marinated Artichokes,Marinated Artichokes,anti,deli,NA,"		$0.00/null",0,null,,,
12367,Cabot Pepper Jack Cheese Bar,Cabot Pepper Jack Cheese Bar,dai_chees,dairy,8oz,"		$3.59/ea($7.18/lb)",3.59,ea(,7.18/lb),,
12368,Cabot Serious Snacking 50% Reduced Fat Sharp Cheddar Cheese Bars,Cabot Serious Snacking 50% Reduced Fat Sharp Cheddar Cheese Bars,dai_chees,dairy,"8ct, 0.75oz ea","		$3.99/ea($10.50/lb)",3.99,ea(,10.50/lb),,
12369,Cabot Serious Snacking Seriously Sharp Cheddar Cheese Bars,Cabot Serious Snacking Seriously Sharp Cheddar Cheese Bars,dai_chees,dairy,"8ct, 0.75oz ea","		$3.99/ea($10.50/lb)",3.99,ea(,10.50/lb),,
12370,Cabot Seriously Sharp Cheddar Cheese Bar,Cabot Seriously Sharp Cheddar Cheese Bar,dai_chees,dairy,8oz,"		$3.59/ea($7.18/lb)",3.59,ea(,7.18/lb),,
12378,Kraft Cracker Barrel Extra Sharp Cheddar Cheese,Kraft Cracker Barrel Extra Sharp Cheddar Cheese,dai_chees,dairy,8oz,"		$5.79/ea($11.58/lb)",5.79,ea(,11.58/lb),,
12388,The Laughing Cow Original Spreadable Cheese Wedges,The Laughing Cow Original Spreadable Cheese Wedges,dai_chees,dairy,8pc (6oz),"		$3.69/ea($9.71/lb)",3.69,ea(,9.71/lb),,
12391,"Adams Reserve  New York Extra Sharp Cheddar Cheese Bar, Naturally Aged Over 12 Months","Adams Reserve  New York Extra Sharp Cheddar Cheese Bar, Naturally Aged Over 12 Months",dai_chees,dairy,16oz,"		$9.99/ea($9.99/lb)",9.99,ea(,9.99/lb),,
12394,Cabot 50% Reduced Fat Sharp Cheddar Cheese Bar,Cabot 50% Reduced Fat Sharp Cheddar Cheese Bar,dai_chees,dairy,8oz,"		$3.59/ea($7.18/lb)",3.59,ea(,7.18/lb),,
12395,Cabot 75% Reduced Fat Sharp Cheddar Bar,Cabot 75% Reduced Fat Sharp Cheddar Bar,dai_chees,dairy,8oz,"		$3.59/ea($7.18/lb)",3.59,ea(,7.18/lb),,
12396,Cabot Yellow Extra Sharp Cheddar Cheese Bar,Cabot Yellow Extra Sharp Cheddar Cheese Bar,dai_chees,dairy,8oz,"		$3.59/ea($7.18/lb)",3.59,ea(,7.18/lb),,
12407,"Grafton Village Cheese Company Classic Reserve Extra Aged Vermont Cheddar, 2 Year Old","Grafton Village Cheese Company Classic Reserve Extra Aged Vermont Cheddar, 2 Year Old",dai_chees,dairy,8oz,"		$7.19/ea($14.38/lb)",7.19,ea(,14.38/lb),,
12419,Vermont Creamery Fresh Goat Cheese Herb Chévre,Vermont Creamery Fresh Goat Cheese Herb Chévre,dai_chees,dairy,4oz,"		$3.49/ea",3.49,ea,,,
12425,Boar's Head Cream Havarti All-Natural Cheese,Boar's Head Cream Havarti All-Natural Cheese,dai_chees,dairy,8oz,"		$7.99/ea",7.99,ea,,,
12426,Boar's Head Cream Havarti All-Natural Cheese with Dill,Boar's Head Cream Havarti All-Natural Cheese with Dill,dai_chees,dairy,8oz,"		$5.99/ea",5.99,ea,,,
12427,Boar's Head Fontina All-Natural Cheese,Boar's Head Fontina All-Natural Cheese,dai_chees,dairy,9oz,"		$7.49/ea",7.49,ea,,,
12428,Boar's Head Gouda All-Natural Cheese,Boar's Head Gouda All-Natural Cheese,dai_chees,dairy,8oz,"		$7.49/ea",7.49,ea,,,
12429,Boar's Head Gruyere All-Natural Cheese,Boar's Head Gruyere All-Natural Cheese,dai_chees,dairy,8oz,"		$8.49/ea",8.49,ea,,,
12445,The Laughing Cow Light Garlic & Herb Spreadable Cheese Wedges,The Laughing Cow Light Garlic & Herb Spreadable Cheese Wedges,dai_chees,dairy,8pc (6oz),"		$0.00/null($0.00/lb)",0,null(,0.00/lb),,
12446,Vermont Creamery Fresh Goat Cheese Classic Chèvre,Vermont Creamery Fresh Goat Cheese Classic Chèvre,dai_chees,dairy,10.5oz,"		$0.00/null",0,null,,,
12452,"Uniquely Greek Feta Cheese Spread, Kalamata Olive","Uniquely Greek Feta Cheese Spread, Kalamata Olive",dai_chees,dairy,6.5oz," 	$0.00/null $5.99Any 2 Uniquely Greek Feta Cheese for $8.00($0.00/lb)Mix'n'Match",0,null ,5.99Any 2 Uniquely Greek Feta Cheese for 8.00(0.00/lb)Mix'n'Match,8.00(,0.00/lb)Mix'n'Match
12458,Mixed Hot Jamaican Peppers,Mixed Hot Jamaican Peppers,veg_new,shop,4oz," 	$2.99/ea $4.99Save 40%",2.99,ea ,4.99Save 40%,,
12461,Green Baby Pattypan Squash,Green Baby Pattypan Squash,veg_new,shop,(about 7 per lb),"		$5.99/lb",5.99,lb,,,
12467,Bosc Pear,Bosc Pear,pr,fruit,NA,"		$1.99/lb",1.99,lb,,,
12469,Anjou Pears,Anjou Pears,pr,fruit,NA,"		$1.99/lb",1.99,lb,,,
12471,Organic Bosc Pear,Organic Bosc Pear,pr,fruit,NA,"		$2.49/lb",2.49,lb,,,
12474,"Interrupcion Fair Trade Organic Bartlett Pears, Bag","Interrupcion Fair Trade Organic Bartlett Pears, Bag",pr,fruit,3lb,"		$5.99/ea",5.99,ea,,,
12486,Gotham Greens Local Butterhead Lettuce,Gotham Greens Local Butterhead Lettuce,veg_lcl,shop,4.5oz,"		$4.49/4.5oz",4.49,4.5oz,,,
12488,Gotham Greens Gourmet Lettuce Medley,Gotham Greens Gourmet Lettuce Medley,veg_lcl,shop,4.5oz,"		$4.49/4.5oz",4.49,4.5oz,,,
12491,Deer Run Farms Green Leaf Lettuce,Deer Run Farms Green Leaf Lettuce,veg_lcl,shop,bunch,"		$1.99/ea",1.99,ea,,,
12492,Deer Run Farms Red Leaf Lettuce,Deer Run Farms Red Leaf Lettuce,veg_lcl,shop,bunch,"		$1.99/ea",1.99,ea,,,
12493,Gotham Greens Blooming Brooklyn Iceberg Lettuce,Gotham Greens Blooming Brooklyn Iceberg Lettuce,veg_lcl,shop,4.5oz,"		$4.49/ea",4.49,ea,,,
12495,Deer Run Farms Red Boston Lettuce,Deer Run Farms Red Boston Lettuce,veg_lcl,shop,bunch,"		$1.99/ea",1.99,ea,,,
12496,"Gotham Greens Tropicana Green Leaf Lettuce, Local","Gotham Greens Tropicana Green Leaf Lettuce, Local",veg_lcl,shop,4.5oz,"		$4.49/4.5oz",4.49,4.5oz,,,
12497,Radicle Salads Living Baby Lettuce,Radicle Salads Living Baby Lettuce,veg_lcl,shop,4.5oz," 	$2.99/ea $3.99Save 25%",2.99,ea ,3.99Save 25%,,
12503,Satur Farms Wild Arugula Pack,Satur Farms Wild Arugula Pack,veg_lcl,shop,5oz package,"		$3.49/5ozAny 2 select Satur varieties for $6.00Mix'n'Match",3.49,5ozAny 2 select Satur varieties for ,6.00Mix'n'Match,,
12505,Satur Farms Baby Spinach Pack,Satur Farms Baby Spinach Pack,veg_lcl,shop,5oz package,"		$3.49/5ozAny 2 select Satur varieties for $6.00Mix'n'Match",3.49,5ozAny 2 select Satur varieties for ,6.00Mix'n'Match,,
12507,Satur Farms Mesclun Pack,Satur Farms Mesclun Pack,veg_lcl,shop,5oz package,"		$3.49/5ozAny 2 select Satur varieties for $6.00Mix'n'Match",3.49,5ozAny 2 select Satur varieties for ,6.00Mix'n'Match,,
12510,"Satur Farms Baby Spinach Pack, Local","Satur Farms Baby Spinach Pack, Local",veg_lcl,shop,1lb package,"		$5.99/1lbAny 2 Satur 1 lb salads for $10.00Mix'n'Match",5.99,1lbAny 2 Satur 1 lb salads for ,10.00Mix'n'Match,,
12511,Satur Farms Wild Arugula Pack,Satur Farms Wild Arugula Pack,veg_lcl,shop,1lb package,"		$5.99/1lbAny 2 Satur 1 lb salads for $10.00Mix'n'Match",5.99,1lbAny 2 Satur 1 lb salads for ,10.00Mix'n'Match,,
12514,Deer Run Farms Arugula,Deer Run Farms Arugula,veg_lcl,shop,bunch,"		$1.99/ea",1.99,ea,,,
12515,Deer Run Farms Escarole,Deer Run Farms Escarole,veg_lcl,shop,bunch,"		$1.99/ea",1.99,ea,,,
12518,Satur Farms Cut Mixed Kale,Satur Farms Cut Mixed Kale,veg_lcl,shop,1lb,"		$5.99/eaAny 2 Satur 1 lb salads for $10.00Mix'n'Match",5.99,eaAny 2 Satur 1 lb salads for ,10.00Mix'n'Match,,
12519,"Satur Farms Mesclun Pack, Local","Satur Farms Mesclun Pack, Local",veg_lcl,shop,1lb,"		$5.99/eaAny 2 Satur 1 lb salads for $10.00Mix'n'Match",5.99,eaAny 2 Satur 1 lb salads for ,10.00Mix'n'Match,,
12536,Wells Homestead Acres Local Golden Zucchini,Wells Homestead Acres Local Golden Zucchini,veg_lcl,shop,NA,"		$1.99/lb",1.99,lb,,,
12567,The Squeeze Artichoke Walnut Kale Pesto Summer Rolls,The Squeeze Artichoke Walnut Kale Pesto Summer Rolls,hmrsdwch,meals,6oz,"		$8.99/ea($23.97/lb)",8.99,ea(,23.97/lb),,
12568,The Squeeze Ratatouille Summer Rolls,The Squeeze Ratatouille Summer Rolls,hmrsdwch,meals,6oz,"		$8.99/ea($23.97/lb)",8.99,ea(,23.97/lb),,
12572,Cristalino Brut Cava,Cristalino Brut Cava,vin_type_sparkling,wine,750ml,"		$9.99/ea($13.32/l)",9.99,ea(,13.32/l),,
12575,Gruet Brut Sparkling Wine,Gruet Brut Sparkling Wine,vin_type_sparkling,wine,750ml,"		$16.99/ea($22.65/l)",16.99,ea(,22.65/l),,
12576,Marquis de la Tour Brut,Marquis de la Tour Brut,vin_type_sparkling,wine,750ml," 	$9.79/ea $10.99Save 10%($13.05/l)",9.79,ea ,10.99Save 10%(13.05/l),13.05/l),
12582,Champagne Billecart-Salmon Brut Reserve (Half-bottle),Champagne Billecart-Salmon Brut Reserve (Half-bottle),vin_type_sparkling,wine,375ml,"		$24.99/ea($66.64/l)",24.99,ea(,66.64/l),,
12583,Charles de Fere Blanc de Blancs Brut Reserve,Charles de Fere Blanc de Blancs Brut Reserve,vin_type_sparkling,wine,750ml,"		$12.99/ea($17.32/l)",12.99,ea(,17.32/l),,
12585,Dom Perignon Champagne Brut,Dom Perignon Champagne Brut,vin_type_sparkling,wine,750ml,"		$174.99/ea($233.32/l)",174.99,ea(,233.32/l),,
12587,Freixenet Cordon Negro Extra Dry Cava ,Freixenet Cordon Negro Extra Dry Cava ,vin_type_sparkling,wine,750ml,"		$12.99/ea($17.32/l)",12.99,ea(,17.32/l),,
12588,Juvé y Camps Brut Cava Milesimé,Juvé y Camps Brut Cava Milesimé,vin_type_sparkling,wine,750ml,"		$25.99/ea($34.65/l)",25.99,ea(,34.65/l),,
12590,Krug Grande Cuvée Champagne Brut,Krug Grande Cuvée Champagne Brut,vin_type_sparkling,wine,750ml,"		$159.99/ea($213.32/l)",159.99,ea(,213.32/l),,
12592,Mionetto Cuvee Luxury Valdobbiadene Prosecco Superiore  DOCG,Mionetto Cuvee Luxury Valdobbiadene Prosecco Superiore  DOCG,vin_type_sparkling,wine,750ml,"		$18.99/ea($25.32/l)",18.99,ea(,25.32/l),,
12593,Nicolas Feuillatte Champagne Brut Réserve,Nicolas Feuillatte Champagne Brut Réserve,vin_type_sparkling,wine,750ml,"		$37.99/ea($50.65/l)",37.99,ea(,50.65/l),,
12594,Perrier-Jouët Champagne Brut,Perrier-Jouët Champagne Brut,vin_type_sparkling,wine,750ml,"		$42.99/ea($57.32/l)",42.99,ea(,57.32/l),,
12595,Ruinart Champagne Blanc de Blancs Magnum,Ruinart Champagne Blanc de Blancs Magnum,vin_type_sparkling,wine,1.5L (1500ml),"		$149.99/ea($99.99/l)",149.99,ea(,99.99/l),,
12597,Sofia Blanc de Blancs,Sofia Blanc de Blancs,vin_type_sparkling,wine,"4 pk, 187 ml cans","		$19.99/ea($26.65/l)",19.99,ea(,26.65/l),,
12599,Tullia Brut Rosé,Tullia Brut Rosé,vin_type_sparkling,wine,750ml,"		$12.99/ea($17.32/l)",12.99,ea(,17.32/l),,
12600,Veuve Clicquot Yellow Label Brut Champagne,Veuve Clicquot Yellow Label Brut Champagne,vin_type_sparkling,wine,750ml,"		$49.99/ea($66.65/l)",49.99,ea(,66.65/l),,
12602,Veuve du Vernay Brut,Veuve du Vernay Brut,vin_type_sparkling,wine,750ml,"		$9.99/ea($13.32/l)",9.99,ea(,13.32/l),,
12604,Zonin Prosecco DOC Cuvee 1821,Zonin Prosecco DOC Cuvee 1821,vin_type_sparkling,wine,750ml,"		$13.99/ea($18.65/l)",13.99,ea(,18.65/l),,
12618,Bitsy's Brainfood Sweet Potato Oatmeal Raisin Cookies,Bitsy's Brainfood Sweet Potato Oatmeal Raisin Cookies,bby_sale,shop,2.25oz,"		$2.99/eaAny 3 Cookies for $7.98($21.36/lb)Mix'n'Match",2.99,eaAny 3 Cookies for ,7.98(21.36/lb)Mix'n'Match,21.36/lb)Mix'n'Match,
12619,Bitsy's Brainfood Zucchini Gingerbread Carrot Cookies,Bitsy's Brainfood Zucchini Gingerbread Carrot Cookies,bby_sale,shop,2.25oz,"		$2.99/eaAny 3 Cookies for $7.98($21.36/lb)Mix'n'Match",2.99,eaAny 3 Cookies for ,7.98(21.36/lb)Mix'n'Match,21.36/lb)Mix'n'Match,
12620,Ella's Kitchen Creamy Chicken & Corn Mash with Herb Sprinkles,Ella's Kitchen Creamy Chicken & Corn Mash with Herb Sprinkles,bby_sale,shop,4.5oz,"		$2.79/eaAny 4 Varieties for $10.00($9.96/lb)Mix'n'Match",2.79,eaAny 4 Varieties for ,10.00(9.96/lb)Mix'n'Match,9.96/lb)Mix'n'Match,
12621,Ella's Kitchen Four Bean Feast,Ella's Kitchen Four Bean Feast,bby_sale,shop,4.5oz,"		$2.79/eaAny 4 Varieties for $10.00($9.96/lb)Mix'n'Match",2.79,eaAny 4 Varieties for ,10.00(9.96/lb)Mix'n'Match,9.96/lb)Mix'n'Match,
12622,"Ella's Kitchen Organic Stage 2, Chicken Casserole with Vegetables + Rice","Ella's Kitchen Organic Stage 2, Chicken Casserole with Vegetables + Rice",bby_sale,shop,4.5oz,"		$2.79/eaAny 4 Varieties for $10.00($9.96/lb)Mix'n'Match",2.79,eaAny 4 Varieties for ,10.00(9.96/lb)Mix'n'Match,9.96/lb)Mix'n'Match,
12626,"Plum Organics  Fruit & Veggie Snacks, Shredz Rooty Blues for Kids","Plum Organics  Fruit & Veggie Snacks, Shredz Rooty Blues for Kids",bby_sale,shop,"5ct, 0.63oz ea","		$4.99/eaAny 2 select Plum items for $9.00($24.95/lb)Mix'n'Match",4.99,eaAny 2 select Plum items for ,9.00(24.95/lb)Mix'n'Match,24.95/lb)Mix'n'Match,
12627,Plum Organics  Jammy Sammy Apple Cinnamon & Oatmeal Bar for Kids,Plum Organics  Jammy Sammy Apple Cinnamon & Oatmeal Bar for Kids,bby_sale,shop,"5ct, 1.03oz ea","		$4.99/eaAny 2 select Plum items for $9.00($15.59/lb)Mix'n'Match",4.99,eaAny 2 select Plum items for ,9.00(15.59/lb)Mix'n'Match,15.59/lb)Mix'n'Match,
12628,Plum Organics  Jammy Sammy Strawberry Jam & Peanut Butter Bar for Kids,Plum Organics  Jammy Sammy Strawberry Jam & Peanut Butter Bar for Kids,bby_sale,shop,"5ct, 1.03oz ea","		$4.99/eaAny 2 select Plum items for $9.00($15.59/lb)Mix'n'Match",4.99,eaAny 2 select Plum items for ,9.00(15.59/lb)Mix'n'Match,15.59/lb)Mix'n'Match,
12629,"Plum Organics  Mashups, Fruit & Veggie Smoothie, Beetbox Berry for Kids","Plum Organics  Mashups, Fruit & Veggie Smoothie, Beetbox Berry for Kids",bby_sale,shop,"4ct, 3.17oz ea","		$4.99/eaAny 2 select Plum items for $9.00($6.32/lb)Mix'n'Match",4.99,eaAny 2 select Plum items for ,9.00(6.32/lb)Mix'n'Match,6.32/lb)Mix'n'Match,
12630,"Plum Organics  Mashups, Fruit & Veggie Smoothie, Blueberry Blitz for Kids","Plum Organics  Mashups, Fruit & Veggie Smoothie, Blueberry Blitz for Kids",bby_sale,shop,"4ct, 3.17oz ea","		$4.99/eaAny 2 select Plum items for $9.00($6.32/lb)Mix'n'Match",4.99,eaAny 2 select Plum items for ,9.00(6.32/lb)Mix'n'Match,6.32/lb)Mix'n'Match,
12631,"Plum Organics  Mashups, Fruit & Veggie Smoothie, Carroty Chop for Kids","Plum Organics  Mashups, Fruit & Veggie Smoothie, Carroty Chop for Kids",bby_sale,shop,"4ct, 3.17oz ea","		$4.99/eaAny 2 select Plum items for $9.00($6.32/lb)Mix'n'Match",4.99,eaAny 2 select Plum items for ,9.00(6.32/lb)Mix'n'Match,6.32/lb)Mix'n'Match,
12632,"Plum Organics  Mashups, Squeezable Fruit for Kids, Berry","Plum Organics  Mashups, Squeezable Fruit for Kids, Berry",bby_sale,shop,"4ct, 3.17oz ea","		$4.99/eaAny 2 select Plum items for $9.00($6.32/lb)Mix'n'Match",4.99,eaAny 2 select Plum items for ,9.00(6.32/lb)Mix'n'Match,6.32/lb)Mix'n'Match,
12633,"Plum Organics  Mashups, Strawberry Banana Squeezable Fruit for Kids","Plum Organics  Mashups, Strawberry Banana Squeezable Fruit for Kids",bby_sale,shop,"4ct, 3.17oz ea","		$4.99/eaAny 2 select Plum items for $9.00($6.32/lb)Mix'n'Match",4.99,eaAny 2 select Plum items for ,9.00(6.32/lb)Mix'n'Match,6.32/lb)Mix'n'Match,
12634,"Sprout Organic Baby Food, Apple, Banana & Butternut Squash Fruit & Veggie Blend, Stage 2","Sprout Organic Baby Food, Apple, Banana & Butternut Squash Fruit & Veggie Blend, Stage 2",bby_sale,shop,4oz," 	$1.89/ea $2.39Save 20%($7.56/lb)",1.89,ea ,2.39Save 20%(7.56/lb),7.56/lb),
12635,"Sprout Organic Baby Food, Apple, Cinnamon & Oatmeal Fruit & Veggie Blend, Stage 2","Sprout Organic Baby Food, Apple, Cinnamon & Oatmeal Fruit & Veggie Blend, Stage 2",bby_sale,shop,4oz," 	$1.91/ea $2.39Save 20%($7.64/lb)",1.91,ea ,2.39Save 20%(7.64/lb),7.64/lb),
12636,"Sprout Organic Baby Food, Apricot, Peach & Pumpkin Fruit & Veggie Blend, Stage 2","Sprout Organic Baby Food, Apricot, Peach & Pumpkin Fruit & Veggie Blend, Stage 2",bby_sale,shop,4oz," 	$1.89/ea $2.39Save 20%($7.56/lb)",1.89,ea ,2.39Save 20%(7.56/lb),7.56/lb),
12639,"Sprout Organic Baby Food, Pear, Kiwi & Spinach Fruit & Veggie Blend, Stage 2","Sprout Organic Baby Food, Pear, Kiwi & Spinach Fruit & Veggie Blend, Stage 2",bby_sale,shop,4oz," 	$1.91/ea $2.39Save 20%($7.64/lb)",1.91,ea ,2.39Save 20%(7.64/lb),7.64/lb),
12640,"Sprout Organic Baby Food, Plum, Berry, Brown Rice & Quinoa Fruit & Veggie Blend, Stage 2","Sprout Organic Baby Food, Plum, Berry, Brown Rice & Quinoa Fruit & Veggie Blend, Stage 2",bby_sale,shop,4oz," 	$1.89/ea $2.39Save 20%($7.56/lb)",1.89,ea ,2.39Save 20%(7.56/lb),7.56/lb),
12641,"Sprout Organic Baby Food, Sweet Potato & White Bean Fruit & Veggie Blend, Stage 2","Sprout Organic Baby Food, Sweet Potato & White Bean Fruit & Veggie Blend, Stage 2",bby_sale,shop,4oz," 	$1.91/ea $2.39Save 20%($7.64/lb)",1.91,ea ,2.39Save 20%(7.64/lb),7.64/lb),
12647,"Babyganics Daily Lotion, Chamomile Verbena","Babyganics Daily Lotion, Chamomile Verbena",bby_sale,shop,17oz," 	$8.39/ea $11.99Save 30%($8.39/oz)",8.39,ea ,11.99Save 30%(8.39/oz),8.39/oz),
12649,Bitsy's Brainfood Lemon Broccoli Cookies,Bitsy's Brainfood Lemon Broccoli Cookies,bby_sale,shop,2.25oz,"		$2.99/eaAny 3 Cookies for $7.98($21.36/lb)Mix'n'Match",2.99,eaAny 3 Cookies for ,7.98(21.36/lb)Mix'n'Match,21.36/lb)Mix'n'Match,
12650,Bitsy's Brainfood Orange Chocolate Beet Cookies,Bitsy's Brainfood Orange Chocolate Beet Cookies,bby_sale,shop,2.25oz,"		$2.99/eaAny 3 Cookies for $7.98($21.36/lb)Mix'n'Match",2.99,eaAny 3 Cookies for ,7.98(21.36/lb)Mix'n'Match,21.36/lb)Mix'n'Match,
12657,"Seventh Generation Baby Free & Clear Diapers Stage 3, 16-28lb","Seventh Generation Baby Free & Clear Diapers Stage 3, 16-28lb",bby_sale,shop,62ct," 	$19.27/ea $22.68Any 2 Diapers for $36.30($0.31/ct)Mix'n'Match",19.27,ea ,22.68Any 2 Diapers for 36.30(0.31/ct)Mix'n'Match,36.30(,0.31/ct)Mix'n'Match
12658,"Seventh Generation Baby Free & Clear Diapers Stage 4, 22-37lb","Seventh Generation Baby Free & Clear Diapers Stage 4, 22-37lb",bby_sale,shop,54ct," 	$19.27/ea $22.68Any 2 Diapers for $36.30($0.36/ct)Mix'n'Match",19.27,ea ,22.68Any 2 Diapers for 36.30(0.36/ct)Mix'n'Match,36.30(,0.36/ct)Mix'n'Match
12659,"Seventh Generation Baby Free & Clear Diapers Stage 5, 27+ lb","Seventh Generation Baby Free & Clear Diapers Stage 5, 27+ lb",bby_sale,shop,46ct," 	$19.27/ea $22.68Any 2 Diapers for $36.30($0.42/ct)Mix'n'Match",19.27,ea ,22.68Any 2 Diapers for 36.30(0.42/ct)Mix'n'Match,36.30(,0.42/ct)Mix'n'Match
12660,"Seventh Generation Baby Free & Clear Diapers Stage 6, 36+ lb","Seventh Generation Baby Free & Clear Diapers Stage 6, 36+ lb",bby_sale,shop,40ct," 	$19.27/ea $22.68Any 2 Diapers for $36.30($0.48/ct)Mix'n'Match",19.27,ea ,22.68Any 2 Diapers for 36.30(0.48/ct)Mix'n'Match,36.30(,0.48/ct)Mix'n'Match
12668,"Sprout Organic Baby Food, Carrot, Apple & Mango Fruit & Veggie Blend, Stage 2","Sprout Organic Baby Food, Carrot, Apple & Mango Fruit & Veggie Blend, Stage 2",bby_sale,shop,4oz," 	$1.91/ea $2.39Save 20%($7.64/lb)",1.91,ea ,2.39Save 20%(7.64/lb),7.64/lb),
12672,FreshDirect Breakfast Blend Coffee,FreshDirect Breakfast Blend Coffee,gro_coffe,pantry,NA,"		$10.99/lb",10.99,lb,,,
12673,FreshDirect Fair Trade Organic French Roast Sumatra Blend Coffee,FreshDirect Fair Trade Organic French Roast Sumatra Blend Coffee,gro_coffe,pantry,NA,"		$12.99/lb",12.99,lb,,,
12674,FreshDirect French Roast Coffee,FreshDirect French Roast Coffee,gro_coffe,pantry,4 pack (9oz),"		$10.99/lb",10.99,lb,,,
12679,FreshDirect Colombian Supremo Medium Roast Coffee,FreshDirect Colombian Supremo Medium Roast Coffee,gro_coffe,pantry,NA,"		$10.99/lb",10.99,lb,,,
12681,FreshDirect Italian Roast Coffee,FreshDirect Italian Roast Coffee,gro_coffe,pantry,NA,"		$9.99/lb",9.99,lb,,,
12682,Café Bustelo Coffee,Café Bustelo Coffee,gro_coffe,pantry,10oz,"		$4.29/ea($6.81/lb)",4.29,ea(,6.81/lb),,
12683,Celestial Seasonings Chamomile Herb Tea,Celestial Seasonings Chamomile Herb Tea,gro_coffe,pantry,20 bags (0.6oz),"		$2.79/ea($0.14/ct)",2.79,ea(,0.14/ct),,
12684,Chock Full o' Nuts Regular Ground Coffee,Chock Full o' Nuts Regular Ground Coffee,gro_coffe,pantry,13oz,"		$4.49/ea($5.54/lb)",4.49,ea(,5.54/lb),,
12685,"Dunkin' Donuts Medium Roast Ground Coffee, Original Blend","Dunkin' Donuts Medium Roast Ground Coffee, Original Blend",gro_coffe,pantry,12oz,"		$8.99/ea($11.99/lb)",8.99,ea(,11.99/lb),,
12686,FreshDirect Costa Rica Coffee,FreshDirect Costa Rica Coffee,gro_coffe,pantry,NA,"		$11.99/lb",11.99,lb,,,
12687,FreshDirect Decaf French Roast Coffee,FreshDirect Decaf French Roast Coffee,gro_coffe,pantry,NA,"		$11.99/lb",11.99,lb,,,
12688,FreshDirect Fair Trade Organic Guatemala Coffee,FreshDirect Fair Trade Organic Guatemala Coffee,gro_coffe,pantry,NA,"		$11.99/lb",11.99,lb,,,
12689,FreshDirect Fair Trade Organic Mexican Coffee,FreshDirect Fair Trade Organic Mexican Coffee,gro_coffe,pantry,NA,"		$10.99/lb",10.99,lb,,,
12690,FreshDirect Fair Trade Organic Natural Decaf Coffee,FreshDirect Fair Trade Organic Natural Decaf Coffee,gro_coffe,pantry,NA,"		$11.99/lb",11.99,lb,,,
12691,FreshDirect French Vanilla Coffee,FreshDirect French Vanilla Coffee,gro_coffe,pantry,NA,"		$10.99/lb",10.99,lb,,,
12692,FreshDirect Hawaiian Kona Blend Coffee,FreshDirect Hawaiian Kona Blend Coffee,gro_coffe,pantry,NA,"		$13.99/lb",13.99,lb,,,
12693,FreshDirect Hazelnut Coffee,FreshDirect Hazelnut Coffee,gro_coffe,pantry,NA,"		$9.99/lb",9.99,lb,,,
12696,If You Care Unbleached #4 Coffee Filters,If You Care Unbleached #4 Coffee Filters,gro_coffe,pantry,100ct,"		$3.59/ea($0.04/ct)",3.59,ea(,0.04/ct),,
12697,"Keurig K-Cups, Donut House Coffee","Keurig K-Cups, Donut House Coffee",gro_coffe,pantry,12pk,"		$8.99/ea($0.75/ct)",8.99,ea(,0.75/ct),,
12698,"Keurig K-Cups, Green Mountain Coffee Breakfast Blend","Keurig K-Cups, Green Mountain Coffee Breakfast Blend",gro_coffe,pantry,12pk,"		$10.99/ea($0.92/ct)",10.99,ea(,0.92/ct),,
12699,"Keurig K-Cups, Starbucks Dark K-Cups French Roast","Keurig K-Cups, Starbucks Dark K-Cups French Roast",gro_coffe,pantry,10ct,"		$11.99/ea($1.20/ct)",11.99,ea(,1.20/ct),,
12700,Lipton 100% Natural Tea Bags,Lipton 100% Natural Tea Bags,gro_coffe,pantry,100 bags (8oz),"		$5.59/ea($0.06/ct)",5.59,ea(,0.06/ct),,
12701,Melitta #4 Natural Brown Coffee Filters,Melitta #4 Natural Brown Coffee Filters,gro_coffe,pantry,100 ct,"		$4.49/ea($0.04/ct)",4.49,ea(,0.04/ct),,
12704,Stumptown Coffee Roasters Cold Brew Coffee,Stumptown Coffee Roasters Cold Brew Coffee,gro_coffe,pantry,10.5floz (310ml),"		$3.99/ea($6.05/pt)",3.99,ea(,6.05/pt),,
12706,Twinings Earl Grey Tea,Twinings Earl Grey Tea,gro_coffe,pantry,50 bags,"		$6.99/ea($0.14/ct)",6.99,ea(,0.14/ct),,
12707,Twinings English Breakfast Tea,Twinings English Breakfast Tea,gro_coffe,pantry,50 bags,"		$6.99/ea($0.14/ct)",6.99,ea(,0.14/ct),,
12708,Twinings Green Tea,Twinings Green Tea,gro_coffe,pantry,20 bags,"		$3.19/ea($0.16/ct)",3.19,ea(,0.16/ct),,
12709,Twinings Peppermint Tea,Twinings Peppermint Tea,gro_coffe,pantry,20 bags,"		$3.19/ea($0.16/ct)",3.19,ea(,0.16/ct),,
12710,"Brooklyn Roasting Company Mocha Java Blend, Whole Bean Coffee","Brooklyn Roasting Company Mocha Java Blend, Whole Bean Coffee",gro_coffe,pantry,9oz,"		$10.99/ea($19.62/lb)",10.99,ea(,19.62/lb),,
12711,Celestial Seasonings Antioxidant Green Tea,Celestial Seasonings Antioxidant Green Tea,gro_coffe,pantry,20 bags (1.4oz),"		$2.79/ea($0.14/ct)",2.79,ea(,0.14/ct),,
12712,Celestial Seasonings Bengal Spice Herb Tea,Celestial Seasonings Bengal Spice Herb Tea,gro_coffe,pantry,20 bags (1.7oz),"		$2.79/ea($0.14/ct)",2.79,ea(,0.14/ct),,
12713,Celestial Seasonings Fruit Tea Sampler,Celestial Seasonings Fruit Tea Sampler,gro_coffe,pantry,20 bags (1.4oz),"		$2.79/ea($0.14/ct)",2.79,ea(,0.14/ct),,
12714,Celestial Seasonings Honey Vanilla Chamomile Herb Tea,Celestial Seasonings Honey Vanilla Chamomile Herb Tea,gro_coffe,pantry,20 bags (1.6oz),"		$2.79/ea($0.14/ct)",2.79,ea(,0.14/ct),,
12715,Celestial Seasonings Peppermint Herb Tea,Celestial Seasonings Peppermint Herb Tea,gro_coffe,pantry,20 bags (1.0oz),"		$2.79/ea($0.14/ct)",2.79,ea(,0.14/ct),,
12716,Celestial Seasonings Sleepytime Herb Tea,Celestial Seasonings Sleepytime Herb Tea,gro_coffe,pantry,20 bags (1.0oz),"		$2.79/ea($0.14/ct)",2.79,ea(,0.14/ct),,
12718,Chock Full o' Nuts Regular Ground Coffee,Chock Full o' Nuts Regular Ground Coffee,gro_coffe,pantry,33.9oz,"		$12.49/ea($5.89/lb)",12.49,ea(,5.89/lb),,
12721,"Dunkin' Donuts Ground Coffee, French Vanilla","Dunkin' Donuts Ground Coffee, French Vanilla",gro_coffe,pantry,12oz,"		$8.99/ea($11.99/lb)",8.99,ea(,11.99/lb),,
12722,"Dunkin' Donuts Ground Coffee, Hazelnut","Dunkin' Donuts Ground Coffee, Hazelnut",gro_coffe,pantry,12oz,"		$8.99/ea($11.99/lb)",8.99,ea(,11.99/lb),,
12723,Folgers Classic Decaf Ground Coffee,Folgers Classic Decaf Ground Coffee,gro_coffe,pantry,11.3oz,"		$6.99/ea($9.85/lb)",6.99,ea(,9.85/lb),,
12724,Folgers Classic Roast Instant Coffee,Folgers Classic Roast Instant Coffee,gro_coffe,pantry,8oz,"		$6.99/ea($13.98/lb)",6.99,ea(,13.98/lb),,
12725,FreshDirect African Sidamo Coffee,FreshDirect African Sidamo Coffee,gro_coffe,pantry,NA,"		$11.99/lb",11.99,lb,,,
12726,FreshDirect Donut Shop Blend Coffee,FreshDirect Donut Shop Blend Coffee,gro_coffe,pantry,NA,"		$10.99/lb",10.99,lb,,,
12727,FreshDirect Kenya Estate Coffee,FreshDirect Kenya Estate Coffee,gro_coffe,pantry,NA,"		$12.99/lb",12.99,lb,,,
12728,If You Care Unbleached #2 Coffee Filters,If You Care Unbleached #2 Coffee Filters,gro_coffe,pantry,100ct,"		$3.59/ea($0.04/ct)",3.59,ea(,0.04/ct),,
12729,illy  Caffé Ground Espresso,illy  Caffé Ground Espresso,gro_coffe,pantry,8.8oz,"		$14.99/ea($27.25/lb)",14.99,ea(,27.25/lb),,
12730,illy  Caffé Ground Espresso Dark Roast,illy  Caffé Ground Espresso Dark Roast,gro_coffe,pantry,8.8oz,"		$14.99/ea($27.25/lb)",14.99,ea(,27.25/lb),,
12731,illy  Caffé Medium Grind Medium Roast Coffee,illy  Caffé Medium Grind Medium Roast Coffee,gro_coffe,pantry,8.8oz,"		$14.99/ea($27.25/lb)",14.99,ea(,27.25/lb),,
12732,illy  Caffé Whole Bean Espresso Coffee,illy  Caffé Whole Bean Espresso Coffee,gro_coffe,pantry,8.8oz,"		$14.99/ea($27.25/lb)",14.99,ea(,27.25/lb),,
12733,Intelligentsia House Blend Whole Bean Coffee,Intelligentsia House Blend Whole Bean Coffee,gro_coffe,pantry,12oz,"		$17.99/ea($23.99/lb)",17.99,ea(,23.99/lb),,
12734,"Keurig K-Cups, Café Escapes Chai Latte","Keurig K-Cups, Café Escapes Chai Latte",gro_coffe,pantry,12pk,"		$10.99/ea($0.92/ct)",10.99,ea(,0.92/ct),,
12735,"Keurig K-Cups, Donut House Decaf","Keurig K-Cups, Donut House Decaf",gro_coffe,pantry,12pk,"		$8.99/ea($0.75/ct)",8.99,ea(,0.75/ct),,
12736,"Keurig K-Cups, Eight O'Clock 100% Colombian Coffee","Keurig K-Cups, Eight O'Clock 100% Colombian Coffee",gro_coffe,pantry,12pk,"		$7.99/ea($0.67/ct)",7.99,ea(,0.67/ct),,
12737,"Keurig K-Cups, Eight O'Clock Dark Italian Roast Coffee","Keurig K-Cups, Eight O'Clock Dark Italian Roast Coffee",gro_coffe,pantry,12pk,"		$7.99/ea($0.67/ct)",7.99,ea(,0.67/ct),,
12738,"Keurig K-Cups, Eight O'Clock Hazelnut Coffee","Keurig K-Cups, Eight O'Clock Hazelnut Coffee",gro_coffe,pantry,12pk,"		$7.99/ea($0.67/ct)",7.99,ea(,0.67/ct),,
12739,"Keurig K-Cups, Green Mountain Coffee Breakfast Blend Decaf","Keurig K-Cups, Green Mountain Coffee Breakfast Blend Decaf",gro_coffe,pantry,12pk,"		$10.99/ea($0.92/ct)",10.99,ea(,0.92/ct),,
12740,"Keurig K-Cups, Green Mountain Coffee Caramel Vanilla Cream","Keurig K-Cups, Green Mountain Coffee Caramel Vanilla Cream",gro_coffe,pantry,12pk,"		$10.99/ea($0.92/ct)",10.99,ea(,0.92/ct),,
12741,"Keurig K-Cups, Green Mountain Coffee Dark Magic","Keurig K-Cups, Green Mountain Coffee Dark Magic",gro_coffe,pantry,12pk,"		$10.99/ea($0.92/ct)",10.99,ea(,0.92/ct),,
12742,"Keurig K-Cups, Green Mountain Coffee French Vanilla","Keurig K-Cups, Green Mountain Coffee French Vanilla",gro_coffe,pantry,12pk,"		$10.99/ea($0.92/ct)",10.99,ea(,0.92/ct),,
12743,"Keurig K-Cups, Green Mountain Coffee Hazelnut","Keurig K-Cups, Green Mountain Coffee Hazelnut",gro_coffe,pantry,12pk,"		$10.99/ea($0.92/ct)",10.99,ea(,0.92/ct),,
12744,"Keurig K-Cups, Green Mountain Coffee Nantucket Blend","Keurig K-Cups, Green Mountain Coffee Nantucket Blend",gro_coffe,pantry,12pk,"		$10.99/ea($0.92/ct)",10.99,ea(,0.92/ct),,
12745,"Keurig K-Cups, Green Mountain Coffee Sumatran Reserve","Keurig K-Cups, Green Mountain Coffee Sumatran Reserve",gro_coffe,pantry,12pk,"		$10.99/ea($0.92/ct)",10.99,ea(,0.92/ct),,
12746,"Keurig K-Cups, Newman's Own Special Blend","Keurig K-Cups, Newman's Own Special Blend",gro_coffe,pantry,12pk,"		$10.99/ea($0.92/ct)",10.99,ea(,0.92/ct),,
12747,"Keurig K-Cups, Starbucks Dark K-Cups Sumatra","Keurig K-Cups, Starbucks Dark K-Cups Sumatra",gro_coffe,pantry,10ct,"		$11.99/ea($1.20/ct)",11.99,ea(,1.20/ct),,
12748,"Keurig K-Cups, Starbucks Medium K-Cups Breakfast Blend","Keurig K-Cups, Starbucks Medium K-Cups Breakfast Blend",gro_coffe,pantry,10ct,"		$11.99/ea($1.20/ct)",11.99,ea(,1.20/ct),,
12749,"Keurig K-Cups, Starbucks Medium K-Cups House Blend","Keurig K-Cups, Starbucks Medium K-Cups House Blend",gro_coffe,pantry,10ct,"		$11.99/ea($1.20/ct)",11.99,ea(,1.20/ct),,
12750,"Keurig K-Cups, Starbucks Medium Pike Place Roast","Keurig K-Cups, Starbucks Medium Pike Place Roast",gro_coffe,pantry,10ct,"		$11.99/ea($1.20/ct)",11.99,ea(,1.20/ct),,
12751,"Keurig K-Cups, Swiss Miss Milk Chocolate Hot Cocoa","Keurig K-Cups, Swiss Miss Milk Chocolate Hot Cocoa",gro_coffe,pantry,12pk,"		$10.99/ea($0.92/ct)",10.99,ea(,0.92/ct),,
12752,"Keurig K-Cups, Twinings English Breakfast Tea","Keurig K-Cups, Twinings English Breakfast Tea",gro_coffe,pantry,12ct,"		$8.99/ea($0.75/ct)",8.99,ea(,0.75/ct),,
12753,La Colombe Coffee Roasters Bleu Whole Bean Coffee,La Colombe Coffee Roasters Bleu Whole Bean Coffee,gro_coffe,pantry,12oz,"		$12.99/ea($17.32/lb)",12.99,ea(,17.32/lb),,
12754,La Colombe Coffee Roasters Corsica Whole Bean Coffee,La Colombe Coffee Roasters Corsica Whole Bean Coffee,gro_coffe,pantry,12oz,"		$12.99/ea($17.32/lb)",12.99,ea(,17.32/lb),,
12755,La Colombe Coffee Roasters Monaco Whole Bean Coffee,La Colombe Coffee Roasters Monaco Whole Bean Coffee,gro_coffe,pantry,12oz,"		$12.99/ea($17.32/lb)",12.99,ea(,17.32/lb),,
12756,La Colombe Coffee Roasters Nizza Whole Bean Coffee,La Colombe Coffee Roasters Nizza Whole Bean Coffee,gro_coffe,pantry,12oz,"		$12.99/ea($17.32/lb)",12.99,ea(,17.32/lb),,
12757,Lavazza Caffe Espresso Ground Coffee,Lavazza Caffe Espresso Ground Coffee,gro_coffe,pantry,8oz,"		$6.99/ea($13.98/lb)",6.99,ea(,13.98/lb),,
12758,Lavazza Crema e Gusto Ground Coffee,Lavazza Crema e Gusto Ground Coffee,gro_coffe,pantry,8.8oz,"		$5.99/ea($10.89/lb)",5.99,ea(,10.89/lb),,
12759,Lavazza Premium Drip Ground Coffee,Lavazza Premium Drip Ground Coffee,gro_coffe,pantry,10oz,"		$6.99/ea($11.10/lb)",6.99,ea(,11.10/lb),,
12760,Lavazza Qualità Oro Espresso,Lavazza Qualità Oro Espresso,gro_coffe,pantry,8.8oz,"		$8.99/ea($16.35/lb)",8.99,ea(,16.35/lb),,
12761,Maxwell House Ground Coffee,Maxwell House Ground Coffee,gro_coffe,pantry,30.6oz,"		$12.99/ea($6.80/lb)",12.99,ea(,6.80/lb),,
12762,Maxwell House Rich French Roast Ground Coffee,Maxwell House Rich French Roast Ground Coffee,gro_coffe,pantry,11oz,"		$4.99/ea($7.23/lb)",4.99,ea(,7.23/lb),,
12763,Melitta #2 Unbleached Cone Coffee Filters,Melitta #2 Unbleached Cone Coffee Filters,gro_coffe,pantry,100ct,"		$4.49/ea($0.04/ct)",4.49,ea(,0.04/ct),,
12766,Mount Hagen Organic Instant Coffee,Mount Hagen Organic Instant Coffee,gro_coffe,pantry,3.53oz,"		$9.99/ea($45.41/lb)",9.99,ea(,45.41/lb),,
12767,Ovaltine Chocolate Malt Milk Powder,Ovaltine Chocolate Malt Milk Powder,gro_coffe,pantry,12oz,"		$4.69/ea($6.25/lb)",4.69,ea(,6.25/lb),,
12768,Starbucks Dark French Roast Ground Coffee,Starbucks Dark French Roast Ground Coffee,gro_coffe,pantry,12oz,"		$9.99/ea($13.32/lb)",9.99,ea(,13.32/lb),,
12769,Starbucks Dark Morning Joe Ground Coffee,Starbucks Dark Morning Joe Ground Coffee,gro_coffe,pantry,12oz,"		$9.99/ea($13.32/lb)",9.99,ea(,13.32/lb),,
12770,Starbucks Dark Sumatra Ground Coffee,Starbucks Dark Sumatra Ground Coffee,gro_coffe,pantry,12oz,"		$9.99/ea($13.32/lb)",9.99,ea(,13.32/lb),,
12771,Starbucks Medium Breakfast Blend Ground Coffee,Starbucks Medium Breakfast Blend Ground Coffee,gro_coffe,pantry,12oz,"		$9.99/ea($13.32/lb)",9.99,ea(,13.32/lb),,
12772,Swiss Miss Milk Chocolate Hot Cocoa Mix,Swiss Miss Milk Chocolate Hot Cocoa Mix,gro_coffe,pantry,"10pk, 7.3oz","		$2.49/ea($5.41/lb)",2.49,ea(,5.41/lb),,
12773,Swiss Miss Milk Chocolate Hot Cocoa Mix with Mini Marshmallows,Swiss Miss Milk Chocolate Hot Cocoa Mix with Mini Marshmallows,gro_coffe,pantry,"10pk, 7.3oz","		$2.49/ea($5.41/lb)",2.49,ea(,5.41/lb),,
12774,Swiss Miss Sensible Sweets Diet Hot Cocoa Mix,Swiss Miss Sensible Sweets Diet Hot Cocoa Mix,gro_coffe,pantry,"8ct, 0.29oz ea","		$2.49/ea($16.60/lb)",2.49,ea(,16.60/lb),,
12775,Taster's Choice Instant Coffee,Taster's Choice Instant Coffee,gro_coffe,pantry,7oz,"		$9.99/ea($22.70/lb)",9.99,ea(,22.70/lb),,
12776,Twinings Black Tea Sampler,Twinings Black Tea Sampler,gro_coffe,pantry,20ct,"		$3.19/ea($0.16/ct)",3.19,ea(,0.16/ct),,
12777,Twinings Chamomile Tea,Twinings Chamomile Tea,gro_coffe,pantry,20 bags,"		$3.19/ea($0.16/ct)",3.19,ea(,0.16/ct),,
12778,Twinings Earl Grey Decaf Tea,Twinings Earl Grey Decaf Tea,gro_coffe,pantry,20 bags,"		$3.19/ea($0.16/ct)",3.19,ea(,0.16/ct),,
12779,Twinings Earl Grey Tea,Twinings Earl Grey Tea,gro_coffe,pantry,20 bags,"		$3.49/ea($0.17/ct)",3.49,ea(,0.17/ct),,
12780,Twinings English Breakfast Decaf Tea,Twinings English Breakfast Decaf Tea,gro_coffe,pantry,20 bags,"		$3.19/ea($0.16/ct)",3.19,ea(,0.16/ct),,
12781,Twinings English Breakfast Tea,Twinings English Breakfast Tea,gro_coffe,pantry,20 bags,"		$3.19/ea($0.16/ct)",3.19,ea(,0.16/ct),,
12782,Twinings Green Decaf Tea,Twinings Green Decaf Tea,gro_coffe,pantry,20 bags,"		$3.19/ea($0.16/ct)",3.19,ea(,0.16/ct),,
12783,Twinings Irish Breakfast Tea,Twinings Irish Breakfast Tea,gro_coffe,pantry,20 bags,"		$3.19/ea($0.16/ct)",3.19,ea(,0.16/ct),,
12784,Twinings Jasmine Green Tea,Twinings Jasmine Green Tea,gro_coffe,pantry,20 bags,"		$3.19/ea($0.16/ct)",3.19,ea(,0.16/ct),,
12785,Twinings Lemon & Ginger Tea,Twinings Lemon & Ginger Tea,gro_coffe,pantry,20 bags,"		$3.19/ea($0.16/ct)",3.19,ea(,0.16/ct),,
12786,Yogi Tea Detox Body Purifier,Yogi Tea Detox Body Purifier,gro_coffe,pantry,16ct,"		$3.79/ea($0.24/ct)",3.79,ea(,0.24/ct),,
12787,Yogi Tea Green Energy,Yogi Tea Green Energy,gro_coffe,pantry,16ct,"		$3.79/ea($0.24/ct)",3.79,ea(,0.24/ct),,
12788,Yogi Tea Green Kombucha Immune,Yogi Tea Green Kombucha Immune,gro_coffe,pantry,16ct,"		$3.79/ea($0.24/ct)",3.79,ea(,0.24/ct),,
12789,Yogi Tea Green Super Anti-Oxidant,Yogi Tea Green Super Anti-Oxidant,gro_coffe,pantry,16ct,"		$3.79/ea($0.24/ct)",3.79,ea(,0.24/ct),,
12790,Yogi Tea Lemon Ginger,Yogi Tea Lemon Ginger,gro_coffe,pantry,16ct,"		$3.79/ea($0.24/ct)",3.79,ea(,0.24/ct),,
12791,Yogi Tea Organic Bedtime,Yogi Tea Organic Bedtime,gro_coffe,pantry,16ct,"		$3.79/ea($0.24/ct)",3.79,ea(,0.24/ct),,
12792,Yogi Tea Organic Black Chai,Yogi Tea Organic Black Chai,gro_coffe,pantry,16ct,"		$3.79/ea($0.24/ct)",3.79,ea(,0.24/ct),,
12793,Yogi Tea Organic Ginger,Yogi Tea Organic Ginger,gro_coffe,pantry,16ct,"		$3.79/ea($0.24/ct)",3.79,ea(,0.24/ct),,
12794,Yogi Tea Pure Green,Yogi Tea Pure Green,gro_coffe,pantry,16ct,"		$3.79/ea($0.24/ct)",3.79,ea(,0.24/ct),,
12795,"Barrie House Coffee Capsules, Breakfast Blend","Barrie House Coffee Capsules, Breakfast Blend",gro_coffe,pantry,24ct,"		$14.99/ea($0.62/ct)",14.99,ea(,0.62/ct),,
12796,"Barrie House Coffee Capsules, Colombia Huila Reserve","Barrie House Coffee Capsules, Colombia Huila Reserve",gro_coffe,pantry,24ct,"		$14.99/ea($0.62/ct)",14.99,ea(,0.62/ct),,
12797,"Barrie House Coffee Capsules, Donut Shop Blend","Barrie House Coffee Capsules, Donut Shop Blend",gro_coffe,pantry,24ct,"		$14.99/ea($0.62/ct)",14.99,ea(,0.62/ct),,
12798,"Barrie House Coffee Capsules, Espresso Roast","Barrie House Coffee Capsules, Espresso Roast",gro_coffe,pantry,24ct,"		$14.99/ea($0.62/ct)",14.99,ea(,0.62/ct),,
12800,"Barrie House Coffee Capsules, French Vanilla","Barrie House Coffee Capsules, French Vanilla",gro_coffe,pantry,24ct,"		$14.99/ea($0.62/ct)",14.99,ea(,0.62/ct),,
12801,"Barrie House Coffee Capsules, Hawaiian Kona Hapa","Barrie House Coffee Capsules, Hawaiian Kona Hapa",gro_coffe,pantry,24ct,"		$14.99/ea($0.62/ct)",14.99,ea(,0.62/ct),,
12802,"Barrie House Coffee Capsules, House Blend Extra Bold","Barrie House Coffee Capsules, House Blend Extra Bold",gro_coffe,pantry,24ct,"		$14.99/ea($0.62/ct)",14.99,ea(,0.62/ct),,
12803,"Barrie House Coffee Capsules, Italian Roast","Barrie House Coffee Capsules, Italian Roast",gro_coffe,pantry,24ct,"		$14.99/ea($0.62/ct)",14.99,ea(,0.62/ct),,
12804,"Barrie House Coffee Capsules, Kenya Estate AA","Barrie House Coffee Capsules, Kenya Estate AA",gro_coffe,pantry,24ct,"		$14.99/ea($0.62/ct)",14.99,ea(,0.62/ct),,
12805,"Barrie House Coffee Capsules, Organic Decaf Classic","Barrie House Coffee Capsules, Organic Decaf Classic",gro_coffe,pantry,24ct,"		$14.99/ea($0.62/ct)",14.99,ea(,0.62/ct),,
12806,"Barrie House Coffee Capsules, Organic Guatemala Guaya'b","Barrie House Coffee Capsules, Organic Guatemala Guaya'b",gro_coffe,pantry,24ct,"		$14.99/ea($0.62/ct)",14.99,ea(,0.62/ct),,
12807,"Barrie House Coffee Capsules, Organic Sumatra Kopi GR1","Barrie House Coffee Capsules, Organic Sumatra Kopi GR1",gro_coffe,pantry,24ct,"		$14.99/ea($0.62/ct)",14.99,ea(,0.62/ct),,
12808,"Barrie House Coffee Capsules, Salted Caramel","Barrie House Coffee Capsules, Salted Caramel",gro_coffe,pantry,24ct,"		$14.99/ea($0.62/ct)",14.99,ea(,0.62/ct),,
12809,"Barrie House Coffee Capsules, Ultimate Hazelnut","Barrie House Coffee Capsules, Ultimate Hazelnut",gro_coffe,pantry,24ct,"		$14.99/ea($0.62/ct)",14.99,ea(,0.62/ct),,
12810,"Barrie House Coffee Capsules, Variety Pack","Barrie House Coffee Capsules, Variety Pack",gro_coffe,pantry,48ct,"		$29.99/ea($0.62/ct)",29.99,ea(,0.62/ct),,
12811,Bigelow Classic Green Tea,Bigelow Classic Green Tea,gro_coffe,pantry,20ct,"		$2.79/ea($0.14/ct)",2.79,ea(,0.14/ct),,
12812,Bigelow Constant Comment Black Tea,Bigelow Constant Comment Black Tea,gro_coffe,pantry,20ct,"		$2.79/ea($0.14/ct)",2.79,ea(,0.14/ct),,
12813,Bigelow Cozy Chamomile Herbal Tea,Bigelow Cozy Chamomile Herbal Tea,gro_coffe,pantry,20ct,"		$2.79/ea($0.14/ct)",2.79,ea(,0.14/ct),,
12814,Bigelow Earl Grey Black Tea,Bigelow Earl Grey Black Tea,gro_coffe,pantry,20ct,"		$2.79/ea($0.14/ct)",2.79,ea(,0.14/ct),,
12815,Bigelow Lemon Ginger Herbal Tea With Probiotics,Bigelow Lemon Ginger Herbal Tea With Probiotics,gro_coffe,pantry,18ct,"		$2.79/ea($0.16/ct)",2.79,ea(,0.16/ct),,
12816,Bigelow Mint Medley Herbal Tea,Bigelow Mint Medley Herbal Tea,gro_coffe,pantry,20ct,"		$2.79/ea($0.14/ct)",2.79,ea(,0.14/ct),,
12817,Bigelow Vanilla Chai Black Tea,Bigelow Vanilla Chai Black Tea,gro_coffe,pantry,20ct,"		$2.79/ea($0.14/ct)",2.79,ea(,0.14/ct),,
12818,"Brooklyn Roasting Company Ethiopian Washed Yirge Cheffe, Whole Bean Coffee","Brooklyn Roasting Company Ethiopian Washed Yirge Cheffe, Whole Bean Coffee",gro_coffe,pantry,9oz,"		$10.99/ea($19.62/lb)",10.99,ea(,19.62/lb),,
12819,"Brooklyn Roasting Company Iris Espresso Sweet & Spicy, Whole Bean Coffee","Brooklyn Roasting Company Iris Espresso Sweet & Spicy, Whole Bean Coffee",gro_coffe,pantry,9oz,"		$10.99/ea($19.62/lb)",10.99,ea(,19.62/lb),,
12820,"Brooklyn Roasting Company Peru Cenfro Café, Whole Bean Coffee","Brooklyn Roasting Company Peru Cenfro Café, Whole Bean Coffee",gro_coffe,pantry,9oz,"		$10.99/ea($19.62/lb)",10.99,ea(,19.62/lb),,
12821,"Brooklyn Roasting Company Peruvian Decaf, Whole Bean Coffee","Brooklyn Roasting Company Peruvian Decaf, Whole Bean Coffee",gro_coffe,pantry,9oz,"		$10.99/ea($19.62/lb)",10.99,ea(,19.62/lb),,
12822,Café Bustelo Espresso Ground Coffee,Café Bustelo Espresso Ground Coffee,gro_coffe,pantry,10oz,"		$5.99/ea($9.58/lb)",5.99,ea(,9.58/lb),,
12825,Chock Full o' Nuts 100% Arabica New York Roast Ground Coffee,Chock Full o' Nuts 100% Arabica New York Roast Ground Coffee,gro_coffe,pantry,10.5oz,"		$6.99/ea($10.65/lb)",6.99,ea(,10.65/lb),,
12826,"Dunkin' Donuts Medium Roast Ground Coffee, Dunkin' Decaf","Dunkin' Donuts Medium Roast Ground Coffee, Dunkin' Decaf",gro_coffe,pantry,12oz,"		$8.99/ea($11.99/lb)",8.99,ea(,11.99/lb),,
12827,E. Guittard Grand Cacao Drinking Chocolate,E. Guittard Grand Cacao Drinking Chocolate,gro_coffe,pantry,10oz,"		$7.19/ea($11.41/lb)",7.19,ea(,11.41/lb),,
12828,"Folgers 100% Colombian Ground Coffee, Medium Dark","Folgers 100% Colombian Ground Coffee, Medium Dark",gro_coffe,pantry,27.8oz,"		$17.99/ea($10.35/lb)",17.99,ea(,10.35/lb),,
12829,Folgers Classic Roast Ground Coffee,Folgers Classic Roast Ground Coffee,gro_coffe,pantry,33.9oz,"		$19.99/ea($9.43/lb)",19.99,ea(,9.43/lb),,
12830,FreshDirect Sinful Delight Coffee,FreshDirect Sinful Delight Coffee,gro_coffe,pantry,1lb,"		$9.99/lb",9.99,lb,,,
12832,"Harney & Sons Green Tea Capsules, Tropical Green","Harney & Sons Green Tea Capsules, Tropical Green",gro_coffe,pantry,24ct,"		$14.99/ea($0.62/ct)",14.99,ea(,0.62/ct),,
12833,illy  Caffé Espresso Ground Decaf Coffee,illy  Caffé Espresso Ground Decaf Coffee,gro_coffe,pantry,8.8oz,"		$14.29/ea($25.98/lb)",14.29,ea(,25.98/lb),,
12834,illy  Caffé Medium Grind Dark Roast for Drip Coffee Makers,illy  Caffé Medium Grind Dark Roast for Drip Coffee Makers,gro_coffe,pantry,8.8oz,"		$14.99/ea($27.25/lb)",14.99,ea(,27.25/lb),,
12835,illy  Caffé Whole Bean Dark Roast Coffee,illy  Caffé Whole Bean Dark Roast Coffee,gro_coffe,pantry,8.8oz,"		$14.99/ea($27.25/lb)",14.99,ea(,27.25/lb),,
12836,"illy  Caffé Whole Bean Dark Roast Coffee, Case","illy  Caffé Whole Bean Dark Roast Coffee, Case",gro_coffe,pantry,"8.8oz, 6 per case","		$80.49/cs($13.42/ct)",80.49,cs(,13.42/ct),,
12837,illy  iperEspresso Dark Roasted Capsules,illy  iperEspresso Dark Roasted Capsules,gro_coffe,pantry,21ct,"		$16.99/ea($0.81/ct)",16.99,ea(,0.81/ct),,
12838,Intelligentsia Organic Black Cat Whole Bean Espresso,Intelligentsia Organic Black Cat Whole Bean Espresso,gro_coffe,pantry,12oz,"		$17.99/ea($23.99/lb)",17.99,ea(,23.99/lb),,
12841,Irving Farm Coffee Roasters 71 Irving House Blend Whole Bean Coffee,Irving Farm Coffee Roasters 71 Irving House Blend Whole Bean Coffee,gro_coffe,pantry,12oz,"		$13.99/ea($18.65/lb)",13.99,ea(,18.65/lb),,
12842,Irving Farm Coffee Roasters Rainforest Foundation Project Whole Bean Coffee,Irving Farm Coffee Roasters Rainforest Foundation Project Whole Bean Coffee,gro_coffe,pantry,12oz,"		$13.99/ea($18.65/lb)",13.99,ea(,18.65/lb),,
12845,"Keurig K-Cups, Café Escapes Dark Chocolate Hot Cocoa","Keurig K-Cups, Café Escapes Dark Chocolate Hot Cocoa",gro_coffe,pantry,12pk,"		$10.99/ea($0.92/ct)",10.99,ea(,0.92/ct),,
12847,"Keurig K-Cups, Caribou Coffee Daybreak Morning Blend","Keurig K-Cups, Caribou Coffee Daybreak Morning Blend",gro_coffe,pantry,12pk,"		$10.99/ea($0.92/ct)",10.99,ea(,0.92/ct),,
12849,"Keurig K-Cups, Caribou Coffee, Caribou Blend","Keurig K-Cups, Caribou Coffee, Caribou Blend",gro_coffe,pantry,12pk,"		$10.99/ea($0.92/ct)",10.99,ea(,0.92/ct),,
12851,"Keurig K-Cups, Celestial Seasonings Sleepytime Herbal Tea","Keurig K-Cups, Celestial Seasonings Sleepytime Herbal Tea",gro_coffe,pantry,12pk,"		$7.99/ea($0.67/ct)",7.99,ea(,0.67/ct),,
12852,"Keurig K-Cups, Celestial Seasonings Sleepytime Herbal Tea, Case","Keurig K-Cups, Celestial Seasonings Sleepytime Herbal Tea, Case",gro_coffe,pantry,72ct,"		$47.94/cs($0.67/ct)",47.94,cs(,0.67/ct),,
12858,"Keurig K-Cups, Eight O'Clock The Original Medium Roast Coffee","Keurig K-Cups, Eight O'Clock The Original Medium Roast Coffee",gro_coffe,pantry,12ct,"		$9.99/ea($0.83/ct)",9.99,ea(,0.83/ct),,
12859,"Keurig K-Cups, Folgers Gourmet Selections 100% Colombian Coffee, Medium Roast","Keurig K-Cups, Folgers Gourmet Selections 100% Colombian Coffee, Medium Roast",gro_coffe,pantry,12ct,"		$12.99/ea($1.08/ct)",12.99,ea(,1.08/ct),,
12860,"Keurig K-Cups, Folgers Gourmet Selections Classic Roast Coffee, Medium Roast","Keurig K-Cups, Folgers Gourmet Selections Classic Roast Coffee, Medium Roast",gro_coffe,pantry,12ct,"		$12.99/ea($1.08/ct)",12.99,ea(,1.08/ct),,
12861,"Keurig K-Cups, Gevalia Kaffe Signature Blend 100% Arabica Coffee","Keurig K-Cups, Gevalia Kaffe Signature Blend 100% Arabica Coffee",gro_coffe,pantry,12ct,"		$12.99/ea($1.08/ct)",12.99,ea(,1.08/ct),,
12865,"Keurig K-Cups, Green Mountain Coffee Colombian Fair Trade Select","Keurig K-Cups, Green Mountain Coffee Colombian Fair Trade Select",gro_coffe,pantry,12pk,"		$10.99/ea($0.92/ct)",10.99,ea(,0.92/ct),,
12867,"Keurig K-Cups, Green Mountain Coffee Dark Magic Decaf","Keurig K-Cups, Green Mountain Coffee Dark Magic Decaf",gro_coffe,pantry,12pk,"		$10.99/ea($0.92/ct)",10.99,ea(,0.92/ct),,
12871,"Keurig K-Cups, Green Mountain Coffee Half-Caff","Keurig K-Cups, Green Mountain Coffee Half-Caff",gro_coffe,pantry,12pk,"		$10.99/ea($0.92/ct)",10.99,ea(,0.92/ct),,
12876,"Keurig K-Cups, Maxwell House Café Collections House Blend","Keurig K-Cups, Maxwell House Café Collections House Blend",gro_coffe,pantry,12ct,"		$11.99/ea($1.00/ct)",11.99,ea(,1.00/ct),,
12878,"Keurig K-Cups, Newman's Own Special Decaf","Keurig K-Cups, Newman's Own Special Decaf",gro_coffe,pantry,12pk,"		$10.99/ea($0.92/ct)",10.99,ea(,0.92/ct),,
12881,"Keurig K-Cups, Tully's Coffee Breakfast Blend","Keurig K-Cups, Tully's Coffee Breakfast Blend",gro_coffe,pantry,12pk,"		$10.99/ea($0.92/ct)",10.99,ea(,0.92/ct),,
12883,"Keurig K-Cups, Tully's Coffee Italian Roast","Keurig K-Cups, Tully's Coffee Italian Roast",gro_coffe,pantry,12pk,"		$10.99/ea($0.92/ct)",10.99,ea(,0.92/ct),,
12885,"Keurig K-Cups, Twinings Earl Grey Tea","Keurig K-Cups, Twinings Earl Grey Tea",gro_coffe,pantry,12ct,"		$8.99/ea($0.75/ct)",8.99,ea(,0.75/ct),,
12886,"Lavazza Decaffeinated Ground Coffee, Espresso","Lavazza Decaffeinated Ground Coffee, Espresso",gro_coffe,pantry,8oz,"		$8.99/ea($17.98/lb)",8.99,ea(,17.98/lb),,
12887,Lavazza Qualita Rossa Ground Coffee,Lavazza Qualita Rossa Ground Coffee,gro_coffe,pantry,8.8oz,"		$5.99/ea($10.89/lb)",5.99,ea(,10.89/lb),,
12888,"Maxwell House 100% Colombian Ground Coffee, Medium Dark","Maxwell House 100% Colombian Ground Coffee, Medium Dark",gro_coffe,pantry,10.5oz,"		$6.99/ea($10.65/lb)",6.99,ea(,10.65/lb),,
12889,Maxwell House Ground Coffee,Maxwell House Ground Coffee,gro_coffe,pantry,11.5oz,"		$4.99/ea($6.93/lb)",4.99,ea(,6.93/lb),,
12890,"Maxwell House Master Blend Ground Coffee, Light","Maxwell House Master Blend Ground Coffee, Light",gro_coffe,pantry,30.65oz,"		$17.99/ea($9.39/lb)",17.99,ea(,9.39/lb),,
12891,Nescafé Clásico Dark Roast Instant Coffee,Nescafé Clásico Dark Roast Instant Coffee,gro_coffe,pantry,7oz,"		$11.99/ea($27.41/lb)",11.99,ea(,27.41/lb),,
12892,"Nescafé Taster's Choice Instant Coffee, French Roast","Nescafé Taster's Choice Instant Coffee, French Roast",gro_coffe,pantry,7oz,"		$15.99/ea($36.55/lb)",15.99,ea(,36.55/lb),,
12893,SerendipiTea Assam Organic Fair Trade Estate Loose Tea,SerendipiTea Assam Organic Fair Trade Estate Loose Tea,gro_coffe,pantry,4oz,"		$10.99/ea($43.96/lb)",10.99,ea(,43.96/lb),,
12894,SerendipiTea Organic Fair Trade Earl Grey Loose Tea,SerendipiTea Organic Fair Trade Earl Grey Loose Tea,gro_coffe,pantry,4oz,"		$8.99/ea($35.96/lb)",8.99,ea(,35.96/lb),,
12895,SerendipiTea Temple of Heaven Fair Trade Organic China Green Tea Gunpowder,SerendipiTea Temple of Heaven Fair Trade Organic China Green Tea Gunpowder,gro_coffe,pantry,4oz,"		$8.99/ea($35.96/lb)",8.99,ea(,35.96/lb),,
12897,Starbucks Dark Espresso Roast Ground Coffee,Starbucks Dark Espresso Roast Ground Coffee,gro_coffe,pantry,12oz,"		$9.99/ea($13.32/lb)",9.99,ea(,13.32/lb),,
12898,Starbucks Medium Colombia Ground Coffee,Starbucks Medium Colombia Ground Coffee,gro_coffe,pantry,12oz,"		$9.99/ea($13.32/lb)",9.99,ea(,13.32/lb),,
12899,Starbucks Medium Decaf House Ground Coffee,Starbucks Medium Decaf House Ground Coffee,gro_coffe,pantry,12oz,"		$9.99/ea($13.32/lb)",9.99,ea(,13.32/lb),,
12901,T-Sac Tea Filters,T-Sac Tea Filters,gro_coffe,pantry,100ct,"		$4.79/ea",4.79,ea,,,
12902,"Wandering Bear Cold Brew Coffee, Straight Black","Wandering Bear Cold Brew Coffee, Straight Black",gro_coffe,pantry,96oz,"		$29.99/ea($5.00/pt)",29.99,ea(,5.00/pt),,
12903,Wissotzky Nana Spearmint Tea,Wissotzky Nana Spearmint Tea,gro_coffe,pantry,1.3oz,"		$2.69/ea",2.69,ea,,,
12905,"Brooklyn Roasting Company Sumatra Permata Gayo, Whole Bean Coffee","Brooklyn Roasting Company Sumatra Permata Gayo, Whole Bean Coffee",gro_coffe,pantry,9oz,"		$0.00/null($0.00/lb)",0,null(,0.00/lb),,
12907,Starbucks Dark Caffè Verona Ground Coffee,Starbucks Dark Caffè Verona Ground Coffee,gro_coffe,pantry,12oz,"		$0.00/null($0.00/lb)",0,null(,0.00/lb),,
12908,"Harney & Sons Black Tea Capsules, Earl Grey","Harney & Sons Black Tea Capsules, Earl Grey",gro_coffe,pantry,16ct,"		$0.00/null($0.00/ct)",0,null(,0.00/ct),,
12909,illy  iperEspresso Medium Roasted Capsules,illy  iperEspresso Medium Roasted Capsules,gro_coffe,pantry,21ct,"		$0.00/null($0.00/ct)",0,null(,0.00/ct),,
12910,"Keurig K-Cups, Green Mountain Naturals Hot Apple Cider, Case","Keurig K-Cups, Green Mountain Naturals Hot Apple Cider, Case",gro_coffe,pantry,72ct," 	$0.00/null $65.94($0.00/ct)",0,null ,65.94(0.00/ct),0.00/ct),
12911,Starbucks Medium House Blend Ground Coffee,Starbucks Medium House Blend Ground Coffee,gro_coffe,pantry,12oz,"		$0.00/null($0.00/lb)",0,null(,0.00/lb),,
12912,Starbucks Medium House Blend Whole Bean Coffee,Starbucks Medium House Blend Whole Bean Coffee,gro_coffe,pantry,12oz,"		$0.00/null($0.00/lb)",0,null(,0.00/lb),,
12915,Bourbon-Marinated Beef Petite Filet,Bourbon-Marinated Beef Petite Filet,rtc_meat,rtc,2 pieces per pack,"		$12.99/lb",12.99,lb,,,
12917,Ginger Teriyaki Marinated Beef Skirt Steak,Ginger Teriyaki Marinated Beef Skirt Steak,rtc_meat,rtc,Pack,"		$21.99/lb",21.99,lb,,,
12919,Korean Sesame Marinated Beef Petite Filet,Korean Sesame Marinated Beef Petite Filet,rtc_meat,rtc,2 pieces per pack,"		$12.99/lb",12.99,lb,,,
12922,Peppercorn-Marinated Beef Petite Filet,Peppercorn-Marinated Beef Petite Filet,rtc_meat,rtc,2 pieces per pack,"		$12.99/lb",12.99,lb,,,
12931,Maple Mustard Glazed Pork Tenderloin ,Maple Mustard Glazed Pork Tenderloin ,rtc_meat,rtc,Pack,"		$7.99/lb",7.99,lb,,,
12932,Ginger Teriyaki Marinated Pork Tenderloin,Ginger Teriyaki Marinated Pork Tenderloin,rtc_meat,rtc,Pack,"		$7.99/lb",7.99,lb,,,
12933,Goan-Spiced Berkshire Pork Medallions,Goan-Spiced Berkshire Pork Medallions,rtc_meat,rtc,(2pcs per pack),"		$11.99/lb",11.99,lb,,,
12934,Guajillo Chili-Marinated Pork Chops,Guajillo Chili-Marinated Pork Chops,rtc_meat,rtc,"Pack, 2ct","		$6.99/lb",6.99,lb,,,
12935,Korean Sesame Marinated Pork Tenderloin ,Korean Sesame Marinated Pork Tenderloin ,rtc_meat,rtc,Pack,"		$7.99/lb",7.99,lb,,,
12936,Roasted-Garlic Marinated Pork Tenderloin,Roasted-Garlic Marinated Pork Tenderloin,rtc_meat,rtc,NA,"		$7.99/lb",7.99,lb,,,
12939,Arrowhead Mills Organic Quinoa,Arrowhead Mills Organic Quinoa,gro_rice,pantry,14oz (396g),"		$5.69/ea($6.47/lb)",5.69,ea(,6.47/lb),,
12940,"Uncle Ben's Ready Rice, Whole Grain Brown","Uncle Ben's Ready Rice, Whole Grain Brown",gro_rice,pantry,8.8oz,"		$2.09/ea($3.80/lb)",2.09,ea(,3.80/lb),,
12941,Carolina Extra Long Grain White Rice,Carolina Extra Long Grain White Rice,gro_rice,pantry,2lb bag,"		$2.99/ea($1.50/lb)",2.99,ea(,1.50/lb),,
12942,Goya Dried Brown Lentils,Goya Dried Brown Lentils,gro_rice,pantry,16oz,"		$1.59/ea($1.59/lb)",1.59,ea(,1.59/lb),,
12944,Near East Rice Pilaf,Near East Rice Pilaf,gro_rice,pantry,6.09oz,"		$2.49/ea($6.55/lb)",2.49,ea(,6.55/lb),,
12945,Rice Select Jasmati Long Grain American Jasmine Rice,Rice Select Jasmati Long Grain American Jasmine Rice,gro_rice,pantry,32oz,"		$6.99/ea($3.11/lb)",6.99,ea(,3.11/lb),,
12946,A Taste Of Thai Soft Jasmine Rice,A Taste Of Thai Soft Jasmine Rice,gro_rice,pantry,17.6oz,"		$3.79/ea($3.45/lb)",3.79,ea(,3.45/lb),,
12947,Bel Aria Plain Couscous,Bel Aria Plain Couscous,gro_rice,pantry,17.6oz,"		$2.69/ea($2.45/lb)",2.69,ea(,2.45/lb),,
12948,Carolina Extra Long Grain White Rice,Carolina Extra Long Grain White Rice,gro_rice,pantry,5lb bag,"		$5.69/ea($1.14/lb)",5.69,ea(,1.14/lb),,
12949,Goya Dried Black Beans,Goya Dried Black Beans,gro_rice,pantry,16oz,"		$1.79/ea($1.79/lb)",1.79,ea(,1.79/lb),,
12950,Goya Dried Red Lentils,Goya Dried Red Lentils,gro_rice,pantry,16oz,"		$1.79/ea($1.79/lb)",1.79,ea(,1.79/lb),,
12951,Goya Spanish Long Grain Yellow Rice,Goya Spanish Long Grain Yellow Rice,gro_rice,pantry,8oz,"		$1.99/ea($3.98/lb)",1.99,ea(,3.98/lb),,
12956,"Near East Couscous Mix, Parmesan","Near East Couscous Mix, Parmesan",gro_rice,pantry,5.6oz,"		$2.49/ea($7.11/lb)",2.49,ea(,7.11/lb),,
12957,Near East Roasted Garlic & Olive Oil Couscous,Near East Roasted Garlic & Olive Oil Couscous,gro_rice,pantry,5.8oz,"		$2.69/ea($7.47/lb)",2.69,ea(,7.47/lb),,
12958,Nishiki Premium Medium-Grain Sushi Rice,Nishiki Premium Medium-Grain Sushi Rice,gro_rice,pantry,5 lb,"		$8.99/ea($1.80/lb)",8.99,ea(,1.80/lb),,
12959,Rice Select Texmati Long Grain American Basmati Brown Rice,Rice Select Texmati Long Grain American Basmati Brown Rice,gro_rice,pantry,36oz,"		$6.99/ea($3.11/lb)",6.99,ea(,3.11/lb),,
12960,Rice Select Texmati Long Grain American Basmati Rice,Rice Select Texmati Long Grain American Basmati Rice,gro_rice,pantry,36oz,"		$6.99/ea($3.11/lb)",6.99,ea(,3.11/lb),,
12961,Roland White Quinoa,Roland White Quinoa,gro_rice,pantry,12oz,"		$4.99/ea($6.65/lb)",4.99,ea(,6.65/lb),,
12963,"Uncle Ben's Ready Rice, Original","Uncle Ben's Ready Rice, Original",gro_rice,pantry,8.8oz,"		$2.09/ea($3.80/lb)",2.09,ea(,3.80/lb),,
12964,"Uncle Ben's Ready Rice, Roasted Chicken with Carrots & Herbs","Uncle Ben's Ready Rice, Roasted Chicken with Carrots & Herbs",gro_rice,pantry,8.8oz,"		$2.09/ea($3.80/lb)",2.09,ea(,3.80/lb),,
12965,Arrowhead Mills Dried Split Peas,Arrowhead Mills Dried Split Peas,gro_rice,pantry,16oz,"		$2.49/ea($2.49/lb)",2.49,ea(,2.49/lb),,
12966,Arrowhead Mills Flax Seeds,Arrowhead Mills Flax Seeds,gro_rice,pantry,16oz,"		$2.49/ea($2.49/lb)",2.49,ea(,2.49/lb),,
12967,Arrowhead Mills Organic Bulgur Wheat,Arrowhead Mills Organic Bulgur Wheat,gro_rice,pantry,24oz,"		$3.99/ea($2.66/lb)",3.99,ea(,2.66/lb),,
12968,Arrowhead Mills Organic Dried Garbanzo Beans,Arrowhead Mills Organic Dried Garbanzo Beans,gro_rice,pantry,16oz,"		$2.79/ea($2.79/lb)",2.79,ea(,2.79/lb),,
12969,Bel Aria Ready Made Polenta,Bel Aria Ready Made Polenta,gro_rice,pantry,2.2 lb,"		$3.79/ea($1.90/lb)",3.79,ea(,1.90/lb),,
12970,Bel Aria Superfine Italian Arborio Rice,Bel Aria Superfine Italian Arborio Rice,gro_rice,pantry,16oz,"		$2.79/ea($2.79/lb)",2.79,ea(,2.79/lb),,
12974,Botan Calrose Musenmai Rice,Botan Calrose Musenmai Rice,gro_rice,pantry,5 lb,"		$6.49/ea($1.30/lb)",6.49,ea(,1.30/lb),,
12975,Goya Chicken Flavor Mexican Rice,Goya Chicken Flavor Mexican Rice,gro_rice,pantry,8oz,"		$1.99/ea($3.98/lb)",1.99,ea(,3.98/lb),,
12976,Goya Dried Chick Peas,Goya Dried Chick Peas,gro_rice,pantry,16oz,"		$1.99/ea($1.99/lb)",1.99,ea(,1.99/lb),,
12977,Goya Dried Pinto Beans,Goya Dried Pinto Beans,gro_rice,pantry,16oz,"		$1.99/ea($1.99/lb)",1.99,ea(,1.99/lb),,
12978,Goya Dried Red Kidney Beans,Goya Dried Red Kidney Beans,gro_rice,pantry,16oz,"		$2.29/ea($2.29/lb)",2.29,ea(,2.29/lb),,
12979,Goya Dried Yellow Split Peas,Goya Dried Yellow Split Peas,gro_rice,pantry,16oz,"		$1.19/ea($1.19/lb)",1.19,ea(,1.19/lb),,
12980,Goya Low Sodium Yellow Rice,Goya Low Sodium Yellow Rice,gro_rice,pantry,8oz,"		$2.29/ea($4.58/lb)",2.29,ea(,4.58/lb),,
12981,Goya Rice and Black Beans,Goya Rice and Black Beans,gro_rice,pantry,8oz,"		$1.99/ea($3.98/lb)",1.99,ea(,3.98/lb),,
12982,Goya Rice and Red Beans,Goya Rice and Red Beans,gro_rice,pantry,8oz,"		$1.99/ea($3.98/lb)",1.99,ea(,3.98/lb),,
12990,Lundberg Organic Wild Rice,Lundberg Organic Wild Rice,gro_rice,pantry,8oz,"		$6.99/ea($13.98/lb)",6.99,ea(,13.98/lb),,
12991,"My Skinny Rice, White Basmati Rice","My Skinny Rice, White Basmati Rice",gro_rice,pantry,17.64oz,"		$4.29/ea($3.90/lb)",4.29,ea(,3.90/lb),,
12992,Near East Chicken Rice Pilaf,Near East Chicken Rice Pilaf,gro_rice,pantry,6.25oz,"		$2.49/ea($6.38/lb)",2.49,ea(,6.38/lb),,
12993,"Near East Couscous Mix, Toasted Pine Nut","Near East Couscous Mix, Toasted Pine Nut",gro_rice,pantry,5.6oz,"		$2.49/ea($7.11/lb)",2.49,ea(,7.11/lb),,
12994,Near East Garlic & Herb Rice Pilaf Mix,Near East Garlic & Herb Rice Pilaf Mix,gro_rice,pantry,6.3oz,"		$2.49/ea($6.38/lb)",2.49,ea(,6.38/lb),,
12995,Near East Herbed Chicken Couscous,Near East Herbed Chicken Couscous,gro_rice,pantry,5.7oz,"		$2.59/ea($7.19/lb)",2.59,ea(,7.19/lb),,
12996,Near East Mediterranean Curry Couscous Mix,Near East Mediterranean Curry Couscous Mix,gro_rice,pantry,5.7oz,"		$2.59/ea($7.19/lb)",2.59,ea(,7.19/lb),,
12997,Near East Original Long Grain & Wild Rice,Near East Original Long Grain & Wild Rice,gro_rice,pantry,60z,"		$2.99/ea($7.87/lb)",2.99,ea(,7.87/lb),,
12998,Near East Original Plain Couscous,Near East Original Plain Couscous,gro_rice,pantry,10oz,"		$2.59/ea($4.11/lb)",2.59,ea(,4.11/lb),,
12999,"Near East Pearled Couscous Mix, Basil & Herb","Near East Pearled Couscous Mix, Basil & Herb",gro_rice,pantry,5oz,"		$2.99/ea($9.65/lb)",2.99,ea(,9.65/lb),,
13000,"Near East Pearled Couscous Mix, Roasted Garlic & Olive Oil","Near East Pearled Couscous Mix, Roasted Garlic & Olive Oil",gro_rice,pantry,4.7oz,"		$2.99/ea($10.31/lb)",2.99,ea(,10.31/lb),,
13001,"Near East Pearled Couscous, Original Plain","Near East Pearled Couscous, Original Plain",gro_rice,pantry,6oz,"		$2.99/ea($7.87/lb)",2.99,ea(,7.87/lb),,
13002,"Near East Rice Pilaf Mix, Wild Mushroom & Herb","Near East Rice Pilaf Mix, Wild Mushroom & Herb",gro_rice,pantry,6.3oz,"		$2.49/ea($6.38/lb)",2.49,ea(,6.38/lb),,
13003,Near East Spanish Rice Pilaf Mix,Near East Spanish Rice Pilaf Mix,gro_rice,pantry,6.75oz,"		$2.49/ea($5.93/lb)",2.49,ea(,5.93/lb),,
13004,Near East Toasted Almond Rice Pilaf Mix,Near East Toasted Almond Rice Pilaf Mix,gro_rice,pantry,6.6oz,"		$2.49/ea($6.07/lb)",2.49,ea(,6.07/lb),,
13005,"Near East Whole Grain Blends Wheat Couscous, Original Plain","Near East Whole Grain Blends Wheat Couscous, Original Plain",gro_rice,pantry,7.6oz,"		$2.59/ea($5.40/lb)",2.59,ea(,5.40/lb),,
13006,"Near East Whole Grain Blends, Brown Rice Pilaf","Near East Whole Grain Blends, Brown Rice Pilaf",gro_rice,pantry,6.25oz,"		$2.49/ea($6.38/lb)",2.49,ea(,6.38/lb),,
13007,Near East Wild Mushroom & Herb Couscous Mix,Near East Wild Mushroom & Herb Couscous Mix,gro_rice,pantry,5.4oz,"		$2.59/ea($7.62/lb)",2.59,ea(,7.62/lb),,
13008,Rice Select Italian-Style Arborio Rice,Rice Select Italian-Style Arborio Rice,gro_rice,pantry,36oz,"		$6.99/ea($3.11/lb)",6.99,ea(,3.11/lb),,
13009,Rice-A-Roni Chicken Flavor Mix,Rice-A-Roni Chicken Flavor Mix,gro_rice,pantry,6.9oz,"		$1.99/ea($4.63/lb)",1.99,ea(,4.63/lb),,
13014,Rustichella d'Abruzzo Whole Farro,Rustichella d'Abruzzo Whole Farro,gro_rice,pantry,17.6oz,"		$8.99/ea($8.17/lb)",8.99,ea(,8.17/lb),,
13015,Uncle Ben's Long Grain & Wild Rice,Uncle Ben's Long Grain & Wild Rice,gro_rice,pantry,6oz,"		$2.29/ea($6.03/lb)",2.29,ea(,6.03/lb),,
13016,Bob's Red Mill 100% Whole Grain Quick Cooking Bulgur Wheat,Bob's Red Mill 100% Whole Grain Quick Cooking Bulgur Wheat,gro_rice,pantry,28oz,"		$4.29/ea($2.45/lb)",4.29,ea(,2.45/lb),,
13018,De La Estancia Organic Polenta,De La Estancia Organic Polenta,gro_rice,pantry,17.6oz,"		$4.29/ea($3.90/lb)",4.29,ea(,3.90/lb),,
13019,Idaho Spuds Mashed Potatoes,Idaho Spuds Mashed Potatoes,gro_rice,pantry,13.3oz,"		$2.19/ea($2.64/lb)",2.19,ea(,2.64/lb),,
13022,"Pedon 10 Minutes Basmati, Oats and Lentils","Pedon 10 Minutes Basmati, Oats and Lentils",gro_rice,pantry,8.8oz,"		$3.29/ea($5.98/lb)",3.29,ea(,5.98/lb),,
13023,Pedon 10 Minutes Bulgur,Pedon 10 Minutes Bulgur,gro_rice,pantry,8.8oz,"		$3.19/ea($5.80/lb)",3.19,ea(,5.80/lb),,
13024,Pedon 10 Minutes Bulgur and Quinoa,Pedon 10 Minutes Bulgur and Quinoa,gro_rice,pantry,8.8oz,"		$3.29/ea($5.98/lb)",3.29,ea(,5.98/lb),,
13025,Pedon 10 Minutes Italian Style 5 Grains,Pedon 10 Minutes Italian Style 5 Grains,gro_rice,pantry,8.8oz,"		$3.29/ea($5.98/lb)",3.29,ea(,5.98/lb),,
13026,Roland Arborio Rice,Roland Arborio Rice,gro_rice,pantry,35oz,"		$4.99/ea($2.28/lb)",4.99,ea(,2.28/lb),,
13030,Bel Aria Superfine Italian Carnaroli Rice,Bel Aria Superfine Italian Carnaroli Rice,gro_rice,pantry,32oz,"		$0.00/null($0.00/lb)",0,null(,0.00/lb),,
13101,Garden of Eatin' Blue Corn Tortilla Chips,Garden of Eatin' Blue Corn Tortilla Chips,gro_snack,pantry,8.1oz,"		$3.49/ea($6.84/lb)",3.49,ea(,6.84/lb),,
13124,Smartfood Snack Pack,Smartfood Snack Pack,gro_snack,pantry,"0.63oz ea, 12ct","		$3.99/ea($8.49/lb)",3.99,ea(,8.49/lb),,
13125,"Snyder's of Hanover 100-Calorie Pretzel Packs, Mini","Snyder's of Hanover 100-Calorie Pretzel Packs, Mini",gro_snack,pantry,"10 pk, 0.9oz ea","		$3.69/ea($6.59/lb)",3.69,ea(,6.59/lb),,
13135,Arrowhead Mills Organic Yellow Popcorn,Arrowhead Mills Organic Yellow Popcorn,gro_snack,pantry,28oz,"		$2.09/ea($1.19/lb)",2.09,ea(,1.19/lb),,
13147,Frito-Lay Classic Mix Variety Pack,Frito-Lay Classic Mix Variety Pack,gro_snack,pantry,20ct,"		$9.49/ea($0.47/ct)",9.49,ea(,0.47/ct),,
13149,Good Health Half Naked Popcorn with a Hint of Olive Oil,Good Health Half Naked Popcorn with a Hint of Olive Oil,gro_snack,pantry,4oz,"		$2.79/ea($11.16/lb)",2.79,ea(,11.16/lb),,
13150,Good Health Organic Popcorn with a Hint of Sea Salt,Good Health Organic Popcorn with a Hint of Sea Salt,gro_snack,pantry,3.5oz,"		$2.79/ea($12.68/lb)",2.79,ea(,12.68/lb),,
13151,Good Health Veggie Stix,Good Health Veggie Stix,gro_snack,pantry,6.75oz,"		$3.59/ea($8.55/lb)",3.59,ea(,8.55/lb),,
13175,Newman's Own All Natural Tender White Microwave Popcorn,Newman's Own All Natural Tender White Microwave Popcorn,gro_snack,pantry,3pk (10.5oz),"		$2.89/ea($4.38/lb)",2.89,ea(,4.38/lb),,
13192,Annie's Homegrown Organic Cheddar Bunnies Snack Crackers,Annie's Homegrown Organic Cheddar Bunnies Snack Crackers,gro_snack,pantry,11oz,"		$4.99/ea($7.23/lb)",4.99,ea(,7.23/lb),,
13204,Cheetos Natural White Cheddar Cheese Puffs,Cheetos Natural White Cheddar Cheese Puffs,gro_snack,pantry,8oz,"		$3.59/ea($7.18/lb)",3.59,ea(,7.18/lb),,
13212,"Clif Kid Organic ZFruit Rope, Mixed Berry","Clif Kid Organic ZFruit Rope, Mixed Berry",gro_snack,pantry,"6ct, 0.7oz ea","		$3.99/ea($15.35/lb)",3.99,ea(,15.35/lb),,
13222,Field Trip All Natural Beef Jerky,Field Trip All Natural Beef Jerky,gro_snack,pantry,2.15oz,"		$5.49/ea($42.23/lb)",5.49,ea(,42.23/lb),,
13229,Frito-Lay Classic Mix Variety Box,Frito-Lay Classic Mix Variety Box,gro_snack,pantry,"32ct, 1oz ea","		$13.99/ea($7.00/lb)",13.99,ea(,7.00/lb),,
13230,Fritos Original Corn Chips,Fritos Original Corn Chips,gro_snack,pantry,9.7oz,"		$3.19/ea($5.23/lb)",3.19,ea(,5.23/lb),,
13233,Garden of Eatin' Mini Corns Tortilla Chips,Garden of Eatin' Mini Corns Tortilla Chips,gro_snack,pantry,7.5oz,"		$1.99/ea($4.23/lb)",1.99,ea(,4.23/lb),,
13234,Garden of Eatin' Red Hot Blues Corn Tortilla Chips,Garden of Eatin' Red Hot Blues Corn Tortilla Chips,gro_snack,pantry,9oz,"		$3.49/ea($6.23/lb)",3.49,ea(,6.23/lb),,
13236,Good Health Avocado Oil Kettle Style Potato Chips With a Pinch of Sea Salt,Good Health Avocado Oil Kettle Style Potato Chips With a Pinch of Sea Salt,gro_snack,pantry,5oz,"		$2.89/ea($9.32/lb)",2.89,ea(,9.32/lb),,
13237,Good Health Peanut Butter Filled Pretzels,Good Health Peanut Butter Filled Pretzels,gro_snack,pantry,5.5oz,"		$2.79/ea($8.21/lb)",2.79,ea(,8.21/lb),,
13243,"Just FreshDirect Organic 100% Grass-Fed Beef Jerky, Original","Just FreshDirect Organic 100% Grass-Fed Beef Jerky, Original",gro_snack,pantry,2.5oz,"		$7.99/ea($49.94/lb)",7.99,ea(,49.94/lb),,
13269,Martin's Pretzels Salted Pretzels,Martin's Pretzels Salted Pretzels,gro_snack,pantry,8oz,"		$3.49/ea($6.98/lb)",3.49,ea(,6.98/lb),,
13277,Orville Redenbacher's Light Butter Microwave Popcorn,Orville Redenbacher's Light Butter Microwave Popcorn,gro_snack,pantry,3pk (8.6oz),"		$3.29/ea($1.98/lb)",3.29,ea(,1.98/lb),,
13290,Pringles Original Potato Crisps,Pringles Original Potato Crisps,gro_snack,pantry,5.68oz,"		$1.99/ea($5.53/lb)",1.99,ea(,5.53/lb),,
13297,Sabra Classic Guacamole,Sabra Classic Guacamole,gro_snack,pantry,8oz,"		$4.29/ea($8.58/lb)",4.29,ea(,8.58/lb),,
13298,"Snyder's of Hanover 100 Calorie Variety Sack (Pretzels, Snaps, Sticks)","Snyder's of Hanover 100 Calorie Variety Sack (Pretzels, Snaps, Sticks)",gro_snack,pantry,"22ct, 0.9oz ea","		$6.69/ea($5.40/lb)",6.69,ea(,5.40/lb),,
13299,"Snyder's of Hanover 100-Calorie Pretzel Packs, Snaps","Snyder's of Hanover 100-Calorie Pretzel Packs, Snaps",gro_snack,pantry,"10 pk, 0.9oz ea","		$3.69/ea($6.59/lb)",3.69,ea(,6.59/lb),,
13300,"Snyder's of Hanover 100-Calorie Pretzel Packs, Sticks","Snyder's of Hanover 100-Calorie Pretzel Packs, Sticks",gro_snack,pantry,"10 pk, 0.9oz ea","		$3.69/ea($6.59/lb)",3.69,ea(,6.59/lb),,
13303,Snyder's of Hanover Snaps Pretzels,Snyder's of Hanover Snaps Pretzels,gro_snack,pantry,16oz,"		$3.49/ea($3.49/lb)",3.49,ea(,3.49/lb),,
13304,Snyder's of Hanover Sourdough Nibblers Pretzels,Snyder's of Hanover Sourdough Nibblers Pretzels,gro_snack,pantry,16oz,"		$3.49/ea($3.49/lb)",3.49,ea(,3.49/lb),,
13305,Snyder's of Hanover Sourdough Pretzels,Snyder's of Hanover Sourdough Pretzels,gro_snack,pantry,13.5oz,"		$3.49/ea($4.15/lb)",3.49,ea(,4.15/lb),,
13306,"Stacy's Bagel Chips, Simply Naked with Sea Salt","Stacy's Bagel Chips, Simply Naked with Sea Salt",gro_snack,pantry,6oz,"		$3.29/ea($8.66/lb)",3.29,ea(,8.66/lb),,
13307,"Stacy's Pita Chips, Cinnamon Sugar","Stacy's Pita Chips, Cinnamon Sugar",gro_snack,pantry,6oz,"		$3.29/ea($8.66/lb)",3.29,ea(,8.66/lb),,
13308,"SunChips Multigrain Chips, Harvest Cheddar","SunChips Multigrain Chips, Harvest Cheddar",gro_snack,pantry,7oz,"		$3.29/ea($7.48/lb)",3.29,ea(,7.48/lb),,
13309,"SunChips Multigrain Chips, Original","SunChips Multigrain Chips, Original",gro_snack,pantry,10.5oz,"		$3.29/ea($4.98/lb)",3.29,ea(,4.98/lb),,
13310,Terra Original Vegetable Chips,Terra Original Vegetable Chips,gro_snack,pantry,6.8oz,"		$4.19/ea($9.74/lb)",4.19,ea(,9.74/lb),,
13318,"Unique Pretzel ""Shells""","Unique Pretzel ""Shells""",gro_snack,pantry,10oz,"		$2.79/ea($4.43/lb)",2.79,ea(,4.43/lb),,
13320,Wild Harvest Organic Blue Corn Tortilla Chips,Wild Harvest Organic Blue Corn Tortilla Chips,gro_snack,pantry,9oz,"		$2.09/ea($3.73/lb)",2.09,ea(,3.73/lb),,
13321,Wild Harvest Organic Yellow Corn Tortilla Chips,Wild Harvest Organic Yellow Corn Tortilla Chips,gro_snack,pantry,9oz,"		$2.09/ea($3.73/lb)",2.09,ea(,3.73/lb),,
13322,"Seasonal Fresh Fruit Salad, Family Size","Seasonal Fresh Fruit Salad, Family Size",gro_snack,pantry,32oz,"		$19.99/ea",19.99,ea,,,
13327,21st Century Snack Foods Dark Chocolate Covered Graham Cracker Twists,21st Century Snack Foods Dark Chocolate Covered Graham Cracker Twists,gro_snack,pantry,8oz,"		$3.99/ea($7.98/lb)",3.99,ea(,7.98/lb),,
13331,American Farmer All-Natural Old School Movie Theater Popped Corn,American Farmer All-Natural Old School Movie Theater Popped Corn,gro_snack,pantry,5oz,"		$3.49/ea($11.26/lb)",3.49,ea(,11.26/lb),,
13332,American Farmer All-Natural Skinny & Light Kettle Popped Corn,American Farmer All-Natural Skinny & Light Kettle Popped Corn,gro_snack,pantry,5.5oz,"		$3.49/ea($10.26/lb)",3.49,ea(,10.26/lb),,
13333,"Angie's Boom Chicka Pop Popcorn, Sea Salt, Case","Angie's Boom Chicka Pop Popcorn, Sea Salt, Case",gro_snack,pantry,"24ct, 0.06oz ea","		$25.99/ea($288.78/lb)",25.99,ea(,288.78/lb),,
13336,"Baked Lay's Potato Crisps, Barbecue","Baked Lay's Potato Crisps, Barbecue",gro_snack,pantry,6.25oz,"		$3.29/ea($8.42/lb)",3.29,ea(,8.42/lb),,
13337,"Baked Lay's Potato Crisps, Sour Cream & Onion","Baked Lay's Potato Crisps, Sour Cream & Onion",gro_snack,pantry,6.25oz,"		$3.29/ea($8.44/lb)",3.29,ea(,8.44/lb),,
13350,Cheetos Jumbo Puffs,Cheetos Jumbo Puffs,gro_snack,pantry,8.5oz,"		$3.19/ea($6.02/lb)",3.19,ea(,6.02/lb),,
13374,Doritos Snack Pack,Doritos Snack Pack,gro_snack,pantry,"12ct, 1oz","		$4.29/ea($5.72/lb)",4.29,ea(,5.72/lb),,
13378,"Field Trip All Natural Beef Jerky, Honey Spice","Field Trip All Natural Beef Jerky, Honey Spice",gro_snack,pantry,2.15oz,"		$5.49/ea($42.23/lb)",5.49,ea(,42.23/lb),,
13379,"Field Trip All Natural Beef Jerky, Teriyaki","Field Trip All Natural Beef Jerky, Teriyaki",gro_snack,pantry,2.15oz,"		$5.49/ea($42.23/lb)",5.49,ea(,42.23/lb),,
13386,Garden of Eatin' Chili & Lime Corn Tortilla Chips,Garden of Eatin' Chili & Lime Corn Tortilla Chips,gro_snack,pantry,9oz,"		$3.49/ea($6.23/lb)",3.49,ea(,6.23/lb),,
13387,Garden of Eatin' Guacamole Tortilla Chips,Garden of Eatin' Guacamole Tortilla Chips,gro_snack,pantry,9oz,"		$3.49/ea($6.23/lb)",3.49,ea(,6.23/lb),,
13388,Garden of Eatin' No Salt Blue Corn Tortilla Chips,Garden of Eatin' No Salt Blue Corn Tortilla Chips,gro_snack,pantry,8.1oz,"		$3.49/ea($6.84/lb)",3.49,ea(,6.84/lb),,
13389,Garden of Eatin' Sesame Blues Corn Tortilla Chips,Garden of Eatin' Sesame Blues Corn Tortilla Chips,gro_snack,pantry,7.5oz,"		$3.49/ea($7.43/lb)",3.49,ea(,7.43/lb),,
13390,"General Mills Chex Mix, Traditional","General Mills Chex Mix, Traditional",gro_snack,pantry,8.75oz,"		$3.49/ea($6.35/lb)",3.49,ea(,6.35/lb),,
13395,"Glenny's Soy Crisps, Barbeque","Glenny's Soy Crisps, Barbeque",gro_snack,pantry,1.3oz,"		$1.29/ea($16.12/lb)",1.29,ea(,16.12/lb),,
13396,"Glenny's Soy Crisps, Cheddar","Glenny's Soy Crisps, Cheddar",gro_snack,pantry,1.3oz,"		$1.29/ea($16.12/lb)",1.29,ea(,16.12/lb),,
13402,"Good Health Avocado Oil Kettle Style Potato Chips, Lime Ranch","Good Health Avocado Oil Kettle Style Potato Chips, Lime Ranch",gro_snack,pantry,5oz,"		$2.89/ea($9.32/lb)",2.89,ea(,9.32/lb),,
13403,Good Health Crinkle Veggie Chips,Good Health Crinkle Veggie Chips,gro_snack,pantry,7.5oz,"		$3.59/ea($7.64/lb)",3.59,ea(,7.64/lb),,
13404,"Good Health Olive Oil Potato Chips, Sea Salt","Good Health Olive Oil Potato Chips, Sea Salt",gro_snack,pantry,5oz,"		$2.79/ea($9.00/lb)",2.79,ea(,9.00/lb),,
13420,"Just FreshDirect Organic 100% Grass-Fed Beef Jerky, Peppered","Just FreshDirect Organic 100% Grass-Fed Beef Jerky, Peppered",gro_snack,pantry,2.5oz,"		$7.99/ea($49.94/lb)",7.99,ea(,49.94/lb),,
13421,"Just FreshDirect Organic 100% Grass-Fed Beef Jerky, Teriyaki","Just FreshDirect Organic 100% Grass-Fed Beef Jerky, Teriyaki",gro_snack,pantry,2.5oz,"		$7.99/ea($49.94/lb)",7.99,ea(,49.94/lb),,
13478,Munchies Cheese Fix Snack Mix,Munchies Cheese Fix Snack Mix,gro_snack,pantry,8oz,"		$3.29/ea($6.58/lb)",3.29,ea(,6.58/lb),,
13479,"Nabisco Cookie Variety Pack (Chips Ahoy!, Nutter Butter, Oreo)","Nabisco Cookie Variety Pack (Chips Ahoy!, Nutter Butter, Oreo)",gro_snack,pantry,"12pk, 21.2oz","		$8.99/ea($6.76/lb)",8.99,ea(,6.76/lb),,
13481,"Nabisco Mini Cookie Variety Pack (Mini Chips Ahoy!, Nutter Butter Bites, Mini Oreo)","Nabisco Mini Cookie Variety Pack (Mini Chips Ahoy!, Nutter Butter Bites, Mini Oreo)",gro_snack,pantry,"16pk, 21.2oz","		$8.99/ea($6.76/lb)",8.99,ea(,6.76/lb),,
13486,Newman's Own Butter Microwave Popcorn,Newman's Own Butter Microwave Popcorn,gro_snack,pantry,10.5oz,"		$2.89/ea($4.38/lb)",2.89,ea(,4.38/lb),,
13487,North Fork All Natural Potato Chips,North Fork All Natural Potato Chips,gro_snack,pantry,6oz,"		$1.99/ea($5.24/lb)",1.99,ea(,5.24/lb),,
13488,North Fork Sweet Potato Chips,North Fork Sweet Potato Chips,gro_snack,pantry,6oz,"		$2.69/ea($7.08/lb)",2.69,ea(,7.08/lb),,
13491,Orville Redenbacher's Smart Pop 94% Fat Free Microwave Kettle Korn Popcorn,Orville Redenbacher's Smart Pop 94% Fat Free Microwave Kettle Korn Popcorn,gro_snack,pantry,"3ct, 8.07oz","		$3.29/ea($2.18/lb)",3.29,ea(,2.18/lb),,
13492,Pop Secret Butter Flavored Microwave Popcorn,Pop Secret Butter Flavored Microwave Popcorn,gro_snack,pantry,3pk (10.5oz),"		$3.19/ea($4.83/lb)",3.19,ea(,4.83/lb),,
13493,Pop Secret Movie Theater Butter Popcorn,Pop Secret Movie Theater Butter Popcorn,gro_snack,pantry,3pk,"		$3.59/ea($5.98/lb)",3.59,ea(,5.98/lb),,
13501,Pringles Original Reduced Fat Potato Crisps,Pringles Original Reduced Fat Potato Crisps,gro_snack,pantry,5.32oz,"		$1.99/ea",1.99,ea,,,
13502,Pringles Sour Cream & Onion Potato Crisps,Pringles Sour Cream & Onion Potato Crisps,gro_snack,pantry,5.96oz,"		$1.99/ea($5.38/lb)",1.99,ea(,5.38/lb),,
13511,"Ruffles Natural Reduced Fat Potato Chips, Sea Salt","Ruffles Natural Reduced Fat Potato Chips, Sea Salt",gro_snack,pantry,8oz,"		$3.59/ea($7.18/lb)",3.59,ea(,7.18/lb),,
13517,"Simply 7 Lentil Chips, Sea Salt","Simply 7 Lentil Chips, Sea Salt",gro_snack,pantry,4oz,"		$2.99/ea($11.96/lb)",2.99,ea(,11.96/lb),,
13521,Snyder's of Hanover Honey Mustard & Onion Pretzel Pieces,Snyder's of Hanover Honey Mustard & Onion Pretzel Pieces,gro_snack,pantry,10oz,"		$3.29/ea",3.29,ea,,,
13522,"Snyder's of Hanover Unsalted Mini Pretzels, Fat-Free","Snyder's of Hanover Unsalted Mini Pretzels, Fat-Free",gro_snack,pantry,12oz,"		$3.49/ea($4.65/lb)",3.49,ea(,4.65/lb),,
13523,"Stacy's Pita Chips, Simply Naked, Case","Stacy's Pita Chips, Simply Naked, Case",gro_snack,pantry,"24ct, 1.5oz","		$21.99/ea($9.77/lb)",21.99,ea(,9.77/lb),,
13525,SunChips Multigrain Garden Salsa Chips,SunChips Multigrain Garden Salsa Chips,gro_snack,pantry,7oz,"		$3.29/ea($7.48/lb)",3.29,ea(,7.48/lb),,
13528,Terra Mediterranean Vegetable Chips,Terra Mediterranean Vegetable Chips,gro_snack,pantry,6.8oz,"		$4.19/ea($9.74/lb)",4.19,ea(,9.74/lb),,
13534,"Tyrrell's Hand Cooked English Chips, Sea Salt & Cider Vinegar","Tyrrell's Hand Cooked English Chips, Sea Salt & Cider Vinegar",gro_snack,pantry,5.3oz,"		$3.49/ea($10.58/lb)",3.49,ea(,10.58/lb),,
13535,"Unique ""Splits"" Pretzels","Unique ""Splits"" Pretzels",gro_snack,pantry,11oz,"		$2.79/ea($4.04/lb)",2.79,ea(,4.04/lb),,
13536,"Unique ""Splits"" Pretzels, Extra Dark","Unique ""Splits"" Pretzels, Extra Dark",gro_snack,pantry,11oz,"		$2.79/ea($4.04/lb)",2.79,ea(,4.04/lb),,
13537,"Unique ""Splits"" Pretzels, Multi Grain","Unique ""Splits"" Pretzels, Multi Grain",gro_snack,pantry,11oz,"		$2.79/ea($4.04/lb)",2.79,ea(,4.04/lb),,
13546,Wild Harvest Organic Spicy Blue Corn Tortilla Chips,Wild Harvest Organic Spicy Blue Corn Tortilla Chips,gro_snack,pantry,9oz,"		$2.09/ea($3.73/lb)",2.09,ea(,3.73/lb),,
13550,American Farmer All-Natural Sweet & Salty Kettle Popped Corn,American Farmer All-Natural Sweet & Salty Kettle Popped Corn,gro_snack,pantry,7oz,"		$3.49/ea($7.93/lb)",3.49,ea(,7.93/lb),,
13551,"Baked In Brooklyn All Natural Pita Chips, Cinnamon Sugar, Case","Baked In Brooklyn All Natural Pita Chips, Cinnamon Sugar, Case",gro_snack,pantry,"24ct, 1oz ea","		$26.99/ea($17.99/lb)",26.99,ea(,17.99/lb),,
13552,"Baked In Brooklyn All Natural Pita Chips, Garlic & Parmesan, Case","Baked In Brooklyn All Natural Pita Chips, Garlic & Parmesan, Case",gro_snack,pantry,"24ct, 1oz ea","		$26.99/ea($17.99/lb)",26.99,ea(,17.99/lb),,
13553,"Baked In Brooklyn All Natural Pita Chips, Sea Salt, Case","Baked In Brooklyn All Natural Pita Chips, Sea Salt, Case",gro_snack,pantry,"24ct, 1oz ea","		$26.99/ea($17.99/lb)",26.99,ea(,17.99/lb),,
13554,"Baked In Brooklyn All Natural Pita Chips, Sour Cream & Onion, Case","Baked In Brooklyn All Natural Pita Chips, Sour Cream & Onion, Case",gro_snack,pantry,"24ct, 1oz ea","		$26.99/ea($17.99/lb)",26.99,ea(,17.99/lb),,
13561,"Deep River Snacks Kettle Cooked Potato Chips, 40% Reduced Fat & Lightly Salted, Case","Deep River Snacks Kettle Cooked Potato Chips, 40% Reduced Fat & Lightly Salted, Case",gro_snack,pantry,"24ct, 1.5oz ea","		$23.99/ea($10.66/lb)",23.99,ea(,10.66/lb),,
13562,"Deep River Snacks Kettle Cooked Potato Chips, Krinkle Cut Sour Cream & Onion, Case","Deep River Snacks Kettle Cooked Potato Chips, Krinkle Cut Sour Cream & Onion, Case",gro_snack,pantry,"24ct, 2oz ea","		$23.99/ea($8.00/lb)",23.99,ea(,8.00/lb),,
13563,"Deep River Snacks Kettle Cooked Potato Chips, Rosemary & Olive Oil, Case","Deep River Snacks Kettle Cooked Potato Chips, Rosemary & Olive Oil, Case",gro_snack,pantry,"24ct, 2oz ea","		$23.99/ea($8.00/lb)",23.99,ea(,8.00/lb),,
13564,"Deep River Snacks Kettle Cooked Potato Chips, Sea Salt & Vinegar, Case","Deep River Snacks Kettle Cooked Potato Chips, Sea Salt & Vinegar, Case",gro_snack,pantry,"24ct, 2oz ea","		$23.99/ea($8.00/lb)",23.99,ea(,8.00/lb),,
13568,EPIC Bar 100% Grass-Fed Beef Habanero + Cherry Protein Bar,EPIC Bar 100% Grass-Fed Beef Habanero + Cherry Protein Bar,gro_snack,pantry,1.5oz,"		$2.99/ea($33.22/lb)",2.99,ea(,33.22/lb),,
13569,EPIC Bar 100% Grass-Fed Bison Bacon + Cranberry Protein Bar,EPIC Bar 100% Grass-Fed Bison Bacon + Cranberry Protein Bar,gro_snack,pantry,1.5oz,"		$2.99/ea($33.22/lb)",2.99,ea(,33.22/lb),,
13570,EPIC Bar 100% Grass-Fed Lamb Currant + Mint Protein Bar,EPIC Bar 100% Grass-Fed Lamb Currant + Mint Protein Bar,gro_snack,pantry,1.3oz,"		$2.99/ea($37.38/lb)",2.99,ea(,37.38/lb),,
13571,EPIC Bar 100% Grass-Fed Turkey Almond + Cranberry Protein Bar,EPIC Bar 100% Grass-Fed Turkey Almond + Cranberry Protein Bar,gro_snack,pantry,1.5oz,"		$2.99/ea($33.22/lb)",2.99,ea(,33.22/lb),,
13575,Frito-Lay Baked & Popped Mix Variety Pack,Frito-Lay Baked & Popped Mix Variety Pack,gro_snack,pantry,20ct,"		$7.99/ea($0.40/ct)",7.99,ea(,0.40/ct),,
13585,Krave Basil Citrus Turkey Jerky,Krave Basil Citrus Turkey Jerky,gro_snack,pantry,3.25oz,"		$5.99/ea($29.95/lb)",5.99,ea(,29.95/lb),,
13586,Krave Black Cherry Barbecue Pork Jerky,Krave Black Cherry Barbecue Pork Jerky,gro_snack,pantry,3.25oz,"		$5.99/ea($29.95/lb)",5.99,ea(,29.95/lb),,
13587,Krave Chili Lime Beef Jerky,Krave Chili Lime Beef Jerky,gro_snack,pantry,3.25oz,"		$5.99/ea($29.95/lb)",5.99,ea(,29.95/lb),,
13588,Krave Garlic Chili Pepper Beef Jerky,Krave Garlic Chili Pepper Beef Jerky,gro_snack,pantry,3.25oz,"		$5.99/ea($29.95/lb)",5.99,ea(,29.95/lb),,
13589,Krave Sweet Chipotle Beef Jerky,Krave Sweet Chipotle Beef Jerky,gro_snack,pantry,3.25oz,"		$5.99/ea($29.95/lb)",5.99,ea(,29.95/lb),,
13596,North Fork Barbeque Potato Chips,North Fork Barbeque Potato Chips,gro_snack,pantry,6oz,"		$1.99/ea($5.24/lb)",1.99,ea(,5.24/lb),,
13617,"Primizie All-Natural Thick-Cut Crispbreads Handmade Snack Crisps, Simply Salted French Velvet Grey Salt","Primizie All-Natural Thick-Cut Crispbreads Handmade Snack Crisps, Simply Salted French Velvet Grey Salt",gro_snack,pantry,6.5oz,"		$3.49/ea($8.51/lb)",3.49,ea(,8.51/lb),,
13618,"Primizie All-Natural Thick-Cut Crispbreads Handmade Snack Crisps, Smoked Dutch Gouda & Garlic","Primizie All-Natural Thick-Cut Crispbreads Handmade Snack Crisps, Smoked Dutch Gouda & Garlic",gro_snack,pantry,6.5oz,"		$3.49/ea($8.51/lb)",3.49,ea(,8.51/lb),,
13645,"Simply 7 Hummus Chips, Sea Salt","Simply 7 Hummus Chips, Sea Salt",gro_snack,pantry,5oz,"		$2.99/ea($9.65/lb)",2.99,ea(,9.65/lb),,
13646,"SlantShack 100% Grass-Fed Beef Jerky, Dried & True","SlantShack 100% Grass-Fed Beef Jerky, Dried & True",gro_snack,pantry,2oz,"		$8.99/ea($69.15/lb)",8.99,ea(,69.15/lb),,
13647,"SlantShack 100% Grass-Fed Beef Jerky, Spicy RedRub","SlantShack 100% Grass-Fed Beef Jerky, Spicy RedRub",gro_snack,pantry,2oz,"		$8.99/ea($69.15/lb)",8.99,ea(,69.15/lb),,
13648,"SlantShack 100% Grass-Fed Beef Jerky, Vermont Maple Glaze & Garlic Powder","SlantShack 100% Grass-Fed Beef Jerky, Vermont Maple Glaze & Garlic Powder",gro_snack,pantry,2oz,"		$8.99/ea($69.15/lb)",8.99,ea(,69.15/lb),,
13649,"Stacy's Pita Chips, Cinnamon Sugar, Case","Stacy's Pita Chips, Cinnamon Sugar, Case",gro_snack,pantry,"24ct, 1.5oz","		$21.99/ea($9.77/lb)",21.99,ea(,9.77/lb),,
13650,"Stacy's Pita Chips, Parmesan Garlic & Herb, Case","Stacy's Pita Chips, Parmesan Garlic & Herb, Case",gro_snack,pantry,"24ct, 1.5oz","		$21.99/ea($9.77/lb)",21.99,ea(,9.77/lb),,
13652,"Terra Blues Potato Chips, Case","Terra Blues Potato Chips, Case",gro_snack,pantry,"24ct, 1oz ea","		$19.99/ea($13.33/lb)",19.99,ea(,13.33/lb),,
13653,"Terra Sweet Potato Chips, Plain, No Salt Added, Case","Terra Sweet Potato Chips, Plain, No Salt Added, Case",gro_snack,pantry,"24ct, 1.2oz ea","		$19.99/ea($11.11/lb)",19.99,ea(,11.11/lb),,
13655,"Tyrrell's Hand Cooked English Chips, Lightly Sea Salted","Tyrrell's Hand Cooked English Chips, Lightly Sea Salted",gro_snack,pantry,5.3oz,"		$3.49/ea($10.58/lb)",3.49,ea(,10.58/lb),,
13656,"Tyrrell's Hand Cooked English Chips, Mature Cheddar & Chives","Tyrrell's Hand Cooked English Chips, Mature Cheddar & Chives",gro_snack,pantry,5.3oz,"		$3.49/ea($10.58/lb)",3.49,ea(,10.58/lb),,
13657,"Tyrrell's Hand Cooked English Chips, Sweet Chili & Red Pepper","Tyrrell's Hand Cooked English Chips, Sweet Chili & Red Pepper",gro_snack,pantry,5.3oz,"		$3.49/ea($10.58/lb)",3.49,ea(,10.58/lb),,
13663,Valley Produce Company Potato & Rosemary Crackerthins,Valley Produce Company Potato & Rosemary Crackerthins,gro_snack,pantry,5.3oz,"		$4.99/ea($15.12/lb)",4.99,ea(,15.12/lb),,
13664,Valley Produce Company Potato Crackerthins,Valley Produce Company Potato Crackerthins,gro_snack,pantry,5.3oz,"		$4.99/ea($15.12/lb)",4.99,ea(,15.12/lb),,
13668,Pretzel Crisps Deli Style Original Crisps,Pretzel Crisps Deli Style Original Crisps,gro_snack,pantry,7.2oz,"		$0.00/null($0.00/lb)",0,null(,0.00/lb),,
13670,Pretzel Crisps Deli Style Everything Crisps,Pretzel Crisps Deli Style Everything Crisps,gro_snack,pantry,7.2oz,"		$0.00/null($0.00/lb)",0,null(,0.00/lb),,
13672,"Clif Kid Organic ZFruit Rope, Strawberry","Clif Kid Organic ZFruit Rope, Strawberry",gro_snack,pantry,"6ct, 0.7oz ea","		$0.00/null($0.00/lb)",0,null(,0.00/lb),,
13674,Cheetos - Crunchy,Cheetos - Crunchy,gro_snack,pantry,9oz,"		$0.00/null($0.00/lb)",0,null(,0.00/lb),,
13682,Pop Secret Home Style Microwave Popcorn,Pop Secret Home Style Microwave Popcorn,gro_snack,pantry,3pk (10.5oz),"		$0.00/null($0.00/lb)",0,null(,0.00/lb),,
13685,"Terra Exotic Vegetable Chips, Original, Case","Terra Exotic Vegetable Chips, Original, Case",gro_snack,pantry,"24ct, 1oz ea","		$0.00/null($0.00/lb)",0,null(,0.00/lb),,
13687,"Angie's Sweet & Salty Kettle Corn, Case","Angie's Sweet & Salty Kettle Corn, Case",gro_snack,pantry,"24ct, 1oz ea","		$0.00/null($0.00/lb)",0,null(,0.00/lb),,
13688,"Dang Toasted Coconut Chips, Caramel Sea Salt, Snack Size, Case","Dang Toasted Coconut Chips, Caramel Sea Salt, Snack Size, Case",gro_snack,pantry,"12ct, 1.4oz","		$0.00/null($0.00/lb)",0,null(,0.00/lb),,
13689,"Dang Toasted Coconut Chips, Snack Size, Case","Dang Toasted Coconut Chips, Snack Size, Case",gro_snack,pantry,"12ct, 1.4oz","		$0.00/null($0.00/lb)",0,null(,0.00/lb),,
13696,Seedless Pixie Tangerines,Seedless Pixie Tangerines,ctr,fruit,NA,"		$1.49/ea",1.49,ea,,,
13697,"Clementines, Bag","Clementines, Bag",ctr,fruit,"(3lb, 15-20pcs)","		$5.99/ea",5.99,ea,,,
13699,Organic Pink Grapefruit,Organic Pink Grapefruit,ctr,fruit,NA,"		$2.49/ea",2.49,ea,,,
13707,Meyer Lemons,Meyer Lemons,ctr,fruit,approx. 4-6 lemons per bag (1lb),"		$3.99/bag",3.99,bag,,,
13713,Organic Lime Juice,Organic Lime Juice,ctr,fruit,4.4oz,"		$1.49/ea($5.32/pt)",1.49,ea(,5.32/pt),,
13716,Organic Limes,Organic Limes,ctr,fruit,NA,"		$0.00/null",0,null,,,
13722,"Fresh Cubed Watermelon, Medium Pack","Fresh Cubed Watermelon, Medium Pack",mln,fruit,8oz,"		$3.49/ea",3.49,ea,,,
13724,Seedless Watermelon,Seedless Watermelon,mln,fruit,(13-18lbs),"		$7.99/ea",7.99,ea,,,
13727,Fresh Cubed Honeydew Melon,Fresh Cubed Honeydew Melon,mln,fruit,8oz,"		$3.99/ea",3.99,ea,,,
13729,"Fresh Cubed Watermelon, Large Pack","Fresh Cubed Watermelon, Large Pack",mln,fruit,2lb,"		$7.99/ea",7.99,ea,,,
13734,Honeydew Melon,Honeydew Melon,mln,fruit,NA,"		$5.99/ea",5.99,ea,,,
13735,Organic Baby Seedless Watermelon,Organic Baby Seedless Watermelon,mln,fruit,(appx. 3 - 4lbs ea),"		$6.99/ea",6.99,ea,,,
13737,Canary Melon,Canary Melon,mln,fruit,NA,"		$4.99/ea",4.99,ea,,,
13738,Orange Honeydew Melon,Orange Honeydew Melon,mln,fruit,NA,"		$5.99/ea",5.99,ea,,,
13739,Organic Seedless Watermelon,Organic Seedless Watermelon,mln,fruit,(8 - 12lbs),"		$0.00/null",0,null,,,
13742,FreshDirect Banana Chocolate Chip Pound Cake,FreshDirect Banana Chocolate Chip Pound Cake,bak_cake_coffee,bakery,1.3lbs,"		$4.99/ea($4.99/ct)",4.99,ea(,4.99/ct),,
13755,FreshDirect Sour Cream Pound Cake,FreshDirect Sour Cream Pound Cake,bak_cake_coffee,bakery,1.3lbs,"		$4.99/ea($4.99/ct)",4.99,ea(,4.99/ct),,
13758,"FreshDirect Blueberry Scones, Frozen, Ready-to-Bake","FreshDirect Blueberry Scones, Frozen, Ready-to-Bake",bak_cake_coffee,bakery,4pk,"		$0.00/null($0.00/ct)",0,null(,0.00/ct),,
13761,Antipasti Platter,Antipasti Platter,cat_horsdoeuvr,catering,approx. 3.25lbs (Serves 8-10),"		$55.00/ea",55,ea,,,
13764,"Crudités Masterpiece, Medium","Crudités Masterpiece, Medium",cat_horsdoeuvr,catering,"(13"", 4.5lb, Serves 8-12)","		$45.00/ea",45,ea,,,
13765,"Crudités Masterpiece, Small","Crudités Masterpiece, Small",cat_horsdoeuvr,catering,"(9"", 2lb, Serves 4-6)","		$30.00/ea",30,ea,,,
13770,"Boardroom Platter, Large","Boardroom Platter, Large",cat_horsdoeuvr,catering,"Serves 10-12, approx 4lbs","		$75.00/ea",75,ea,,,
13771,"Boardroom Platter, Small","Boardroom Platter, Small",cat_horsdoeuvr,catering,"Serves 6-8, approx 2.5lbs","		$45.00/ea",45,ea,,,
13781,"Crudités Masterpiece, Extra Large","Crudités Masterpiece, Extra Large",cat_horsdoeuvr,catering,"(17"", 10lb, Serves 20-24)","		$95.00/ea",95,ea,,,
13782,"Crudités Masterpiece, Large","Crudités Masterpiece, Large",cat_horsdoeuvr,catering,"(15"", 8lb, Serves 14-18)","		$75.00/ea",75,ea,,,
13783,Deluxe Caviar Platter with American Sturgeon Caviar,Deluxe Caviar Platter with American Sturgeon Caviar,cat_horsdoeuvr,catering,(Serves 4-6),"		$75.00/ea",75,ea,,,
13784,Deluxe Caviar Platter with Osetra Caviar,Deluxe Caviar Platter with Osetra Caviar,cat_horsdoeuvr,catering,(Serves 4-6),"		$199.99/ea",199.99,ea,,,
13785,Deluxe Pâté Platter,Deluxe Pâté Platter,cat_horsdoeuvr,catering,(Serves 8-10),"		$65.00/ea",65,ea,,,
13789,"Fresh Mozzarella, Tomato & Basil Platter","Fresh Mozzarella, Tomato & Basil Platter",cat_horsdoeuvr,catering,Serves 6-8,"		$35.00/ea",35,ea,,,
13790,"Guacamole, Chips & Salsa Platter","Guacamole, Chips & Salsa Platter",cat_horsdoeuvr,catering,(Serves 10-12),"		$45.00/ea",45,ea,,,
13794,"Mediterranean Mezze Platter, Large","Mediterranean Mezze Platter, Large",cat_horsdoeuvr,catering,7lb (Serves 10-12),"		$65.00/ea",65,ea,,,
13795,"Mediterranean Mezze Platter, Regular","Mediterranean Mezze Platter, Regular",cat_horsdoeuvr,catering,3.5lb (Serves 6-8),"		$45.00/ea",45,ea,,,
13798,Smoked Salmon Hors d'Oeuvres Platter (with Bread),Smoked Salmon Hors d'Oeuvres Platter (with Bread),cat_horsdoeuvr,catering,approx. 1.65lbs fish (Serves 6-8),"		$65.00/ea",65,ea,,,
13799,Smoked Salmon Hors d'Oeuvres Platter (without Bread),Smoked Salmon Hors d'Oeuvres Platter (without Bread),cat_horsdoeuvr,catering,approx. 1.65lbs fish (Serves 6-8),"		$59.00/ea",59,ea,,,
13800,Tzatziki Mezze Platter,Tzatziki Mezze Platter,cat_horsdoeuvr,catering,3lbs (Serves 6-8),"		$35.00/ea",35,ea,,,
13801,"Mediterranean Pita Platter, Ready to Serve","Mediterranean Pita Platter, Ready to Serve",cat_horsdoeuvr,catering,4lb (Serves up to 10),"		$0.00/null",0,null,,,
13802,Pork Tenderloin Roast,Pork Tenderloin Roast,mt_pr,meat,NA,"		$5.99/lb",5.99,lb,,,
13804,Boneless Center-Cut Pork Loin,Boneless Center-Cut Pork Loin,mt_pr,meat,NA,"		$5.49/lb",5.49,lb,,,
13805,Boneless Pork Shoulder Roast,Boneless Pork Shoulder Roast,mt_pr,meat,NA,"		$3.29/lb",3.29,lb,,,
13806,Boneless Fresh Half Ham,Boneless Fresh Half Ham,mt_pr,meat,NA,"		$3.49/lb",3.49,lb,,,
13807,Boneless Pork Blade Roast,Boneless Pork Blade Roast,mt_pr,meat,NA,"		$3.99/lb",3.99,lb,,,
13808,Boneless Pork Sirloin Roast,Boneless Pork Sirloin Roast,mt_pr,meat,NA,"		$4.49/lb",4.49,lb,,,
13809,Berkshire Pork Medallion Roast,Berkshire Pork Medallion Roast,mt_pr,meat,NA,"		$0.00/null",0,null,,,
13815,Bone-In Boston Butt Pork Roast,Bone-In Boston Butt Pork Roast,mt_pr,meat,NA,"		$3.69/lb",3.69,lb,,,
13816,Bone-In Center-Cut Pork Loin Special Roast,Bone-In Center-Cut Pork Loin Special Roast,mt_pr,meat,NA,"		$4.99/lb",4.99,lb,,,
13817,Bone-In Fresh Ham,Bone-In Fresh Ham,mt_pr,meat,NA,"		$2.99/lb",2.99,lb,,,
13818,Center-Cut Pork Loin Roast,Center-Cut Pork Loin Roast,mt_pr,meat,NA,"		$4.49/lb",4.49,lb,,,
13819,Pork Crown Roast,Pork Crown Roast,mt_pr,meat,NA,"		$7.99/lb",7.99,lb,,,
13820,Pork Shoulder Roast,Pork Shoulder Roast,mt_pr,meat,NA,"		$2.69/lb",2.69,lb,,,
13832,Pork Baby Back Ribs,Pork Baby Back Ribs,mt_pr,meat,NA,"		$6.49/lb",6.49,lb,,,
13833,Pork Spareribs,Pork Spareribs,mt_pr,meat,NA,"		$3.99/lb",3.99,lb,,,
13834,Sliced Baby Back Pork Ribs,Sliced Baby Back Pork Ribs,mt_pr,meat,NA,"		$7.49/lb",7.49,lb,,,
13835,Boneless Country-Style Pork Spareribs,Boneless Country-Style Pork Spareribs,mt_pr,meat,NA,"		$4.49/lb",4.49,lb,,,
13836,Chinese-Style Pork Spareribs,Chinese-Style Pork Spareribs,mt_pr,meat,NA,"		$4.99/lb",4.99,lb,,,
13837,Country-Style Pork Ribs,Country-Style Pork Ribs,mt_pr,meat,NA,"		$4.49/lb",4.49,lb,,,
13839,Pork Rib Tips,Pork Rib Tips,mt_pr,meat,NA,"		$3.99/lb",3.99,lb,,,
13842,St. Louis-Style Pork Spareribs,St. Louis-Style Pork Spareribs,mt_pr,meat,NA,"		$4.99/lb",4.99,lb,,,
13845,Boneless Pork Loin Chop,Boneless Pork Loin Chop,mt_pr,meat,NA,"		$5.49/lb",5.49,lb,,,
13846,"Pork Loin Rib Chop, Bone-In","Pork Loin Rib Chop, Bone-In",mt_pr,meat,NA,"		$5.49/lb",5.49,lb,,,
13847,Frenched Pork Rib Chop,Frenched Pork Rib Chop,mt_pr,meat,NA,"		$5.99/lb",5.99,lb,,,
13849,"Pork Loin Chop, Bone-In","Pork Loin Chop, Bone-In",mt_pr,meat,NA,"		$5.49/lb",5.49,lb,,,
13852,Center-Cut Butterflied Pork Loin Cutlet,Center-Cut Butterflied Pork Loin Cutlet,mt_pr,meat,NA,"		$6.49/lb",6.49,lb,,,
13853,"Berkshire Pork Loin Blade Chop, Bone-In","Berkshire Pork Loin Blade Chop, Bone-In",mt_pr,meat,NA,"		$0.00/null",0,null,,,
13854,"Berkshire Pork Loin Chop, Bone-In","Berkshire Pork Loin Chop, Bone-In",mt_pr,meat,NA,"		$0.00/null",0,null,,,
13855,Berkshire Pork Medallions,Berkshire Pork Medallions,mt_pr,meat,NA,"		$0.00/null",0,null,,,
13856,Berkshire Pork Sirloin Chop,Berkshire Pork Sirloin Chop,mt_pr,meat,NA,"		$0.00/null",0,null,,,
13865,Smoked Pork Loin Chop,Smoked Pork Loin Chop,mt_pr,meat,NA,"		$6.99/lb",6.99,lb,,,
13885,Pork Stew Meat,Pork Stew Meat,mt_pr,meat,NA,"		$3.99/lb",3.99,lb,,,
13886,Pork Cubes,Pork Cubes,mt_pr,meat,NA,"		$4.49/lb",4.49,lb,,,
13887,Pork Cubes for Kabobs,Pork Cubes for Kabobs,mt_pr,meat,NA,"		$4.49/lb",4.49,lb,,,
13889,Pork Stir-Fry Strips,Pork Stir-Fry Strips,mt_pr,meat,NA,"		$4.49/lb",4.49,lb,,,
13890,Berkshire Pork Belly,Berkshire Pork Belly,mt_pr,meat,NA,"		$0.00/null",0,null,,,
13891,Pork Bones,Pork Bones,mt_pr,meat,NA,"		$0.99/lb",0.99,lb,,,
13892,Smoked Ham Hock,Smoked Ham Hock,mt_pr,meat,NA,"		$2.79/lb",2.79,lb,,,
13893,Fresh Pig's Feet,Fresh Pig's Feet,mt_pr,meat,NA,"		$1.99/lb",1.99,lb,,,
13956,Spaghetti Squash,Spaghetti Squash,sq_zuch,vegetables,(ranges 3 - 6lbs),"		$1.99/lb",1.99,lb,,,
13957,Butternut Squash,Butternut Squash,sq_zuch,vegetables,(ranges 1 - 3bs),"		$1.99/lb",1.99,lb,,,
13960,Baby Zucchini,Baby Zucchini,sq_zuch,vegetables,8oz,"		$3.99/pack",3.99,pack,,,
13962,Acorn Squash,Acorn Squash,sq_zuch,vegetables,(ranges 2 - 5lbs),"		$1.99/lb",1.99,lb,,,
13966,FreshDirect Sustainable Lemon-Dill Salmon,FreshDirect Sustainable Lemon-Dill Salmon,hmr_mediterranean,4mm,12.1oz,"		$9.99/ea($13.14/lb)",9.99,ea(,13.14/lb),,
13967,"FreshDirect Frozen Chicken, Feta & Tabouleh","FreshDirect Frozen Chicken, Feta & Tabouleh",hmr_mediterranean,4mm,10oz,"		$9.99/ea($15.86/lb)",9.99,ea(,15.86/lb),,
13968,FreshDirect Roasted Chicken w/ Barley Risotto & Vegetables,FreshDirect Roasted Chicken w/ Barley Risotto & Vegetables,hmr_mediterranean,4mm,12.6oz,"		$8.99/ea($11.38/lb)",8.99,ea(,11.38/lb),,
13969,FreshDirect Sustainable Salmon w/ Olives & Saffron Rice,FreshDirect Sustainable Salmon w/ Olives & Saffron Rice,hmr_mediterranean,4mm,10.9oz,"		$9.99/ea($14.69/lb)",9.99,ea(,14.69/lb),,
13970,FreshDirect Chicken & Shrimp Paella,FreshDirect Chicken & Shrimp Paella,hmr_mediterranean,4mm,12.7oz,"		$8.99/ea($11.38/lb)",8.99,ea(,11.38/lb),,
13975,"FreshDirect Artichoke, Berkshire Bacon and Goat Cheese Risotto","FreshDirect Artichoke, Berkshire Bacon and Goat Cheese Risotto",hmr_mediterranean,4mm,12.1oz,"		$8.99/ea($11.83/lb)",8.99,ea(,11.83/lb),,
13976,FreshDirect Frozen Balsamic Vegetable Couscous,FreshDirect Frozen Balsamic Vegetable Couscous,hmr_mediterranean,4mm,11.4oz,"		$7.99/ea($11.25/lb)",7.99,ea(,11.25/lb),,
13977,FreshDirect Sustainable Salmon with Salsa Rossa,FreshDirect Sustainable Salmon with Salsa Rossa,hmr_mediterranean,4mm,13.8oz,"		$9.99/ea($15.86/lb)",9.99,ea(,15.86/lb),,
13978,FreshDirect Moroccan Chicken,FreshDirect Moroccan Chicken,hmr_mediterranean,4mm,10.9oz,"		$0.00/null($0.00/lb)",0,null(,0.00/lb),,
13979,FreshDirect Frozen Grilled Chicken & Goat Cheese Risotto,FreshDirect Frozen Grilled Chicken & Goat Cheese Risotto,hmr_mediterranean,4mm,12oz,"		$0.00/null($0.00/lb)",0,null(,0.00/lb),,
13980,Friendship Lowfat Cottage Cheese,Friendship Lowfat Cottage Cheese,dai_cotta,dairy,16oz,"		$3.99/ea($3.99/lb)",3.99,ea(,3.99/lb),,
13981,Breakstone's 2% Small Curd Cottage Cheese,Breakstone's 2% Small Curd Cottage Cheese,dai_cotta,dairy,4oz. 4ct.,"		$3.79/ea($15.16/lb)",3.79,ea(,15.16/lb),,
13982,Breakstone's 2% Large Curd Lowfat Cottage Cheese,Breakstone's 2% Large Curd Lowfat Cottage Cheese,dai_cotta,dairy,16oz,"		$3.79/ea($3.79/lb)",3.79,ea(,3.79/lb),,
13983,Breakstone's 2% Small Curd Lowfat Cottage Cheese,Breakstone's 2% Small Curd Lowfat Cottage Cheese,dai_cotta,dairy,16oz,"		$3.79/ea($3.79/lb)",3.79,ea(,3.79/lb),,
13984,Breakstone's Fat Free Small Curd Cottage Cheese,Breakstone's Fat Free Small Curd Cottage Cheese,dai_cotta,dairy,4pk (16oz),"		$3.79/ea($3.79/lb)",3.79,ea(,3.79/lb),,
13985,Friendship 0% Milkfat Cottage Cheese,Friendship 0% Milkfat Cottage Cheese,dai_cotta,dairy,16oz,"		$3.99/ea($3.99/lb)",3.99,ea(,3.99/lb),,
13986,Friendship Low-Fat Cottage Cheese with Pineapple,Friendship Low-Fat Cottage Cheese with Pineapple,dai_cotta,dairy,16oz,"		$3.99/ea($3.99/lb)",3.99,ea(,3.99/lb),,
13989,Breakstone's 4% Small Curd Cottage Cheese,Breakstone's 4% Small Curd Cottage Cheese,dai_cotta,dairy,4pk (16oz),"		$3.79/ea($3.79/lb)",3.79,ea(,3.79/lb),,
13990,Lactaid Low Fat Cottage Cheese,Lactaid Low Fat Cottage Cheese,dai_cotta,dairy,16oz,"		$3.59/ea($3.59/lb)",3.59,ea(,3.59/lb),,
13991,FreshDirect Oven-Ready Raisin Pumpernickel Bread,FreshDirect Oven-Ready Raisin Pumpernickel Bread,ppry,bakery,16oz,"		$2.99/ea($2.99/lb)",2.99,ea(,2.99/lb),,
13999,"Karl Ehmer Canadian Bacon, Cut to Order","Karl Ehmer Canadian Bacon, Cut to Order",mea_bacon,meat,NA,"		$14.99/lb",14.99,lb,,,
14004,"Schaller & Weber Black Forest Bacon, Cut to Order","Schaller & Weber Black Forest Bacon, Cut to Order",mea_bacon,meat,NA,"		$13.99/lb",13.99,lb,,,
14005,"Schaller & Weber Smoked Bacon, Cut to Order","Schaller & Weber Smoked Bacon, Cut to Order",mea_bacon,meat,NA,"		$14.99/lb",14.99,lb,,,
14076,Rosemary Grilled Chicken Breast (Raised without Antibiotics),Rosemary Grilled Chicken Breast (Raised without Antibiotics),hmr_sale,shop,2pcs per pack,"		$10.99/lbSave! $9.99/lb for 2lb or more",10.99,lbSave! ,9.99/lb for 2lb or more,,
14077,Sides in a Snap Sautéed Spinach w/ Garlic,Sides in a Snap Sautéed Spinach w/ Garlic,hmr_sale,shop,10oz," 	$5.29/ea $6.99Save 24%($8.40/lb)",5.29,ea ,6.99Save 24%(8.40/lb),8.40/lb),
14103,Brown Sugar-Glazed Roasted Vegetables,Brown Sugar-Glazed Roasted Vegetables,hmr_sale,shop,24oz," 	$8.99/ea $13.99Save 35%($5.99/lb)",8.99,ea ,13.99Save 35%(5.99/lb),5.99/lb),
14106,FreshDirect Buffalo Chicken Fingers,FreshDirect Buffalo Chicken Fingers,hmr_sale,shop,14oz,"		$7.99/eaSave! 2 for $11.00($9.08/lb)",7.99,eaSave! 2 for ,11.00(9.08/lb),9.08/lb),
14116,Sides in a Snap Brown Sugar-Glazed Roasted Vegetables,Sides in a Snap Brown Sugar-Glazed Roasted Vegetables,hmr_sale,shop,12oz,"		$8.99/eaSave! 2 for $12.00($11.99/lb)",8.99,eaSave! 2 for ,12.00(11.99/lb),11.99/lb),
14118,Creamed Spinach,Creamed Spinach,hmr_sale,shop,1.75lb," 	$6.99/ea $9.99Save 30%($3.99/lb)",6.99,ea ,9.99Save 30%(3.99/lb),3.99/lb),
14119,"FreshDirect Chicken Mole Enchiladas, Family Size","FreshDirect Chicken Mole Enchiladas, Family Size",hmr_sale,shop,3.6lb (Serves 4-6),"		$19.99/eaAny 2 Family Size Mexican Entrees for $30.00($5.55/lb)Mix'n'Match",19.99,eaAny 2 Family Size Mexican Entrees for ,30.00(5.55/lb)Mix'n'Match,5.55/lb)Mix'n'Match,
14120,"FreshDirect Chicken Ranchera Enchiladas, Family Size","FreshDirect Chicken Ranchera Enchiladas, Family Size",hmr_sale,shop,3.6lb (Serves 4-6)," 	$15.99/ea $19.99Any 2 Family Size Mexican Entrees for $30.00($4.44/lb)Mix'n'Match",15.99,ea ,19.99Any 2 Family Size Mexican Entrees for 30.00(4.44/lb)Mix'n'Match,30.00(,4.44/lb)Mix'n'Match
14121,"FreshDirect Chicken Tikka Masala, Family Size","FreshDirect Chicken Tikka Masala, Family Size",hmr_sale,shop,3.3lb (Serves 4-6)," 	$18.99/ea $24.99Save 24%($5.75/lb)",18.99,ea ,24.99Save 24%(5.75/lb),5.75/lb),
14122,"FreshDirect Spinach and Mushroom Enchiladas Verdes, Family Size","FreshDirect Spinach and Mushroom Enchiladas Verdes, Family Size",hmr_sale,shop,3.9lb (Serves 4-6),"		$19.99/eaAny 2 Family Size Mexican Entrees for $30.00($5.13/lb)Mix'n'Match",19.99,eaAny 2 Family Size Mexican Entrees for ,30.00(5.13/lb)Mix'n'Match,5.13/lb)Mix'n'Match,
14232,"Pirate Brands Pirate's Booty, Aged White Cheddar, Case","Pirate Brands Pirate's Booty, Aged White Cheddar, Case",cat_snacks,catering,"24ct, 1oz ea","		$27.99/ea($18.66/lb)",27.99,ea(,18.66/lb),,
14248,"Pirate Brands Smart Puffs, Real Wisconsin Cheddar, Case","Pirate Brands Smart Puffs, Real Wisconsin Cheddar, Case",cat_snacks,catering,"24ct, 1oz ea","		$27.99/ea($18.66/lb)",27.99,ea(,18.66/lb),,
14314,Nabisco Fig Newtons,Nabisco Fig Newtons,cat_snacks,catering,"12pk, 2oz ea","		$8.99/ea($5.99/lb)",8.99,ea(,5.99/lb),,
14341,"Thomas' Pre-Sliced Bagels, Plain","Thomas' Pre-Sliced Bagels, Plain",bky_new,shop,6ct,"		$4.59/ea($0.76/ct)",4.59,ea(,0.76/ct),,
14349,Organic Red Seedless Grapes,Organic Red Seedless Grapes,grp,fruit,NA,"		$4.99/lb",4.99,lb,,,
14353,Ocean Mist Farms Broccoli,Ocean Mist Farms Broccoli,broc_cfl,vegetables,(about 1lb per bunch),"		$3.49/eaSave! 2 for $6.00",3.49,eaSave! 2 for ,6,,
14361,Broccoli Rabe,Broccoli Rabe,broc_cfl,vegetables,(about 1lb per bunch),"		$3.99/eaSave! 2 for $7.00",3.99,eaSave! 2 for ,7,,
14364,"Gai Lan Chinese Broccoli, Bunch","Gai Lan Chinese Broccoli, Bunch",broc_cfl,vegetables,1lb,"		$2.99/eaSave! 2 for $5.00",2.99,eaSave! 2 for ,5,,
14365,Ocean Mist Farms White Cauliflower,Ocean Mist Farms White Cauliflower,broc_cfl,vegetables,(about 1.5lb ea),"		$4.99/ea",4.99,ea,,,
14371,"Green Cauliflower, Medium","Green Cauliflower, Medium",broc_cfl,vegetables,(about 1.5lb ea),"		$4.99/ea",4.99,ea,,,
14373,Citrus Cauliflower,Citrus Cauliflower,broc_cfl,vegetables,head,"		$4.99/ea",4.99,ea,,,
14379,FreshDirect Oven-Ready Chocolate Croissants,FreshDirect Oven-Ready Chocolate Croissants,bak_bagelcrsnt,bakery,4 pack (9oz),"		$5.99/4pk($1.50/ct)",5.99,4pk(,1.50/ct),,
14386,FreshDirect Oven-Ready Multi-Grain Croissants,FreshDirect Oven-Ready Multi-Grain Croissants,bak_bagelcrsnt,bakery,4 pack,"		$4.99/ea($1.25/ct)",4.99,ea(,1.25/ct),,
14395,"Chobani All Natural Non-Fat Greek Yogurt - Blueberry, Fruit on the Bottom","Chobani All Natural Non-Fat Greek Yogurt - Blueberry, Fruit on the Bottom",dai_yogur,dairy,5.3oz,"		$1.49/ea($4.52/lb)",1.49,ea(,4.52/lb),,
14396,"Just FreshDirect Local Nonfat Greek Yogurt, Blueberry","Just FreshDirect Local Nonfat Greek Yogurt, Blueberry",dai_yogur,dairy,5.3oz,"		$1.29/ea($3.91/lb)",1.29,ea(,3.91/lb),,
14399,"Chobani All Natural Non-Fat Greek Yogurt - Black Cherry, Fruit on the Bottom","Chobani All Natural Non-Fat Greek Yogurt - Black Cherry, Fruit on the Bottom",dai_yogur,dairy,5.3oz,"		$1.49/ea($4.52/lb)",1.49,ea(,4.52/lb),,
14401,"Chobani All Natural Non-Fat Greek Yogurt, Fruit on the Bottom, Peach","Chobani All Natural Non-Fat Greek Yogurt, Fruit on the Bottom, Peach",dai_yogur,dairy,5.3oz,"		$1.49/ea($4.52/lb)",1.49,ea(,4.52/lb),,
14402,"Just FreshDirect Local Nonfat Greek Yogurt, Peach","Just FreshDirect Local Nonfat Greek Yogurt, Peach",dai_yogur,dairy,5.3oz,"		$1.29/ea($3.91/lb)",1.29,ea(,3.91/lb),,
14403,"Chobani All Natural Non-Fat Greek Yogurt, Fruit on the Bottom, Strawberry","Chobani All Natural Non-Fat Greek Yogurt, Fruit on the Bottom, Strawberry",dai_yogur,dairy,5.3oz,"		$1.49/ea($4.52/lb)",1.49,ea(,4.52/lb),,
14404,"Just FreshDirect Local Nonfat Greek Yogurt, Strawberry","Just FreshDirect Local Nonfat Greek Yogurt, Strawberry",dai_yogur,dairy,5.3oz,"		$1.29/ea($3.91/lb)",1.29,ea(,3.91/lb),,
14405,"Chobani All Natural Non-Fat Greek Yogurt, Plain","Chobani All Natural Non-Fat Greek Yogurt, Plain",dai_yogur,dairy,5.3oz,"		$1.49/ea($4.52/lb)",1.49,ea(,4.52/lb),,
14407,Fage TOTAL 0% Greek Yogurt with Blueberry Acai,Fage TOTAL 0% Greek Yogurt with Blueberry Acai,dai_yogur,dairy,5.3oz,"		$1.69/ea($5.12/lb)",1.69,ea(,5.12/lb),,
14412,Fage TOTAL 2% Plain Greek Yogurt,Fage TOTAL 2% Plain Greek Yogurt,dai_yogur,dairy,7oz,"		$1.69/ea($3.84/lb)",1.69,ea(,3.84/lb),,
14414,"Chobani All Natural Low-Fat Greek Yogurt - Strawberry Banana, Fruit on the Bottom","Chobani All Natural Low-Fat Greek Yogurt - Strawberry Banana, Fruit on the Bottom",dai_yogur,dairy,5.3oz,"		$1.49/ea($4.52/lb)",1.49,ea(,4.52/lb),,
14415,Fage TOTAL 0% Greek Yogurt with Cherry Pomegranate,Fage TOTAL 0% Greek Yogurt with Cherry Pomegranate,dai_yogur,dairy,5.3oz,"		$1.69/ea($5.12/lb)",1.69,ea(,5.12/lb),,
14416,Fage TOTAL 0% Greek Yogurt with Honey,Fage TOTAL 0% Greek Yogurt with Honey,dai_yogur,dairy,5.3oz,"		$1.69/ea($5.12/lb)",1.69,ea(,5.12/lb),,
14419,Fage TOTAL 0% Greek Yogurt with Raspberry,Fage TOTAL 0% Greek Yogurt with Raspberry,dai_yogur,dairy,5.3oz,"		$1.69/ea($5.12/lb)",1.69,ea(,5.12/lb),,
14425,Fage TOTAL 2% Plain Greek Yogurt,Fage TOTAL 2% Plain Greek Yogurt,dai_yogur,dairy,35.3oz,"		$7.19/ea($3.25/lb)",7.19,ea(,3.25/lb),,
14432,"Chobani All Natural Non-Fat Greek Yogurt - Blood Orange, Fruit on the Bottom","Chobani All Natural Non-Fat Greek Yogurt - Blood Orange, Fruit on the Bottom",dai_yogur,dairy,5.3oz,"		$1.49/ea($4.52/lb)",1.49,ea(,4.52/lb),,
14434,"Chobani Flip Low-Fat Greek Yogurt, Almond Coco Loco","Chobani Flip Low-Fat Greek Yogurt, Almond Coco Loco",dai_yogur,dairy,5.3oz,"		$1.69/ea($5.12/lb)",1.69,ea(,5.12/lb),,
14435,"Chobani Flip Low-Fat Greek Yogurt, Key Lime Crumble","Chobani Flip Low-Fat Greek Yogurt, Key Lime Crumble",dai_yogur,dairy,5.3oz,"		$1.69/ea($5.12/lb)",1.69,ea(,5.12/lb),,
14436,Dannon Activia Vanilla Yogurt,Dannon Activia Vanilla Yogurt,dai_yogur,dairy,4pk(4.4oz each)," 	$2.09/ea $2.59Any 2 Activia for $4.00($1.90/lb)Mix'n'Match",2.09,ea ,2.59Any 2 Activia for 4.00(1.90/lb)Mix'n'Match,4.00(,1.90/lb)Mix'n'Match
14437,"Dannon Danimals Smoothie, Rockin' Raspberry","Dannon Danimals Smoothie, Rockin' Raspberry",dai_yogur,dairy,"6pk, 3.1oz ea","		$2.99/ea($2.58/lb)",2.99,ea(,2.58/lb),,
14438,"Dannon Danimals Smoothie, Strawberry Explosion","Dannon Danimals Smoothie, Strawberry Explosion",dai_yogur,dairy,"6pk, 3.1oz ea","		$2.99/ea($2.58/lb)",2.99,ea(,2.58/lb),,
14439,"Dannon Danimals Smoothie, Swingin' Strawberry-Banana","Dannon Danimals Smoothie, Swingin' Strawberry-Banana",dai_yogur,dairy,"6pk, 3.1oz ea","		$2.99/ea($2.58/lb)",2.99,ea(,2.58/lb),,
14440,Fage TOTAL 0% Greek Yogurt with Blueberry,Fage TOTAL 0% Greek Yogurt with Blueberry,dai_yogur,dairy,5.3oz,"		$1.69/ea($5.12/lb)",1.69,ea(,5.12/lb),,
14441,Fage TOTAL 0% Greek Yogurt with Peach,Fage TOTAL 0% Greek Yogurt with Peach,dai_yogur,dairy,5.3oz,"		$1.69/ea($5.12/lb)",1.69,ea(,5.12/lb),,
14442,Fage TOTAL 0% Greek Yogurt with Strawberry,Fage TOTAL 0% Greek Yogurt with Strawberry,dai_yogur,dairy,5.3oz,"		$1.69/ea($5.12/lb)",1.69,ea(,5.12/lb),,
14448,"Just FreshDirect Local Nonfat Greek Yogurt, Plain","Just FreshDirect Local Nonfat Greek Yogurt, Plain",dai_yogur,dairy,32oz,"		$5.99/ea($3.00/lb)",5.99,ea(,3.00/lb),,
14450,"Siggi's Skyr Icelandic-Style Strained Non-Fat Yogurt, Raspberry","Siggi's Skyr Icelandic-Style Strained Non-Fat Yogurt, Raspberry",dai_yogur,dairy,5.3oz,"		$1.99/ea($6.03/lb)",1.99,ea(,6.03/lb),,
14452,"Siggi's Skyr Icelandic-Style Strained Non-Fat Yogurt, Strawberry","Siggi's Skyr Icelandic-Style Strained Non-Fat Yogurt, Strawberry",dai_yogur,dairy,5.3oz,"		$1.99/ea($6.03/lb)",1.99,ea(,6.03/lb),,
14456,"Stonyfield Organic YoKids Smoothie, Very Berry","Stonyfield Organic YoKids Smoothie, Very Berry",dai_yogur,dairy,"6pk, 3.1oz ea","		$4.19/ea($3.61/lb)",4.19,ea(,3.61/lb),,
14458,"Chobani All Natural Low-Fat Greek Yogurt - Coconut, Blended","Chobani All Natural Low-Fat Greek Yogurt - Coconut, Blended",dai_yogur,dairy,5.3oz,"		$1.49/ea($4.52/lb)",1.49,ea(,4.52/lb),,
14459,"Dannon Activia Yogurt, Mixed Berry","Dannon Activia Yogurt, Mixed Berry",dai_yogur,dairy,4pk(4.4oz each)," 	$2.09/ea $2.59Any 2 Activia for $4.00($1.90/lb)Mix'n'Match",2.09,ea ,2.59Any 2 Activia for 4.00(1.90/lb)Mix'n'Match,4.00(,1.90/lb)Mix'n'Match
14460,"Dannon Activia Yogurt, Peach","Dannon Activia Yogurt, Peach",dai_yogur,dairy,4pk(4.4oz each)," 	$2.09/ea $2.59Any 2 Activia for $4.00($1.90/lb)Mix'n'Match",2.09,ea ,2.59Any 2 Activia for 4.00(1.90/lb)Mix'n'Match,4.00(,1.90/lb)Mix'n'Match
14461,Dannon Fruit on the Bottom Lowfat Blueberry Yogurt,Dannon Fruit on the Bottom Lowfat Blueberry Yogurt,dai_yogur,dairy,6oz,"		$0.89/ea($2.34/lb)",0.89,ea(,2.34/lb),,
14462,"Dannon Fruit on the Bottom Lowfat Yogurt, Peach","Dannon Fruit on the Bottom Lowfat Yogurt, Peach",dai_yogur,dairy,6oz,"		$0.89/ea($2.34/lb)",0.89,ea(,2.34/lb),,
14463,"Dannon Light & Fit Greek Yogurt, Blueberry","Dannon Light & Fit Greek Yogurt, Blueberry",dai_yogur,dairy,5.3oz,"		$1.19/ea($3.61/lb)",1.19,ea(,3.61/lb),,
14464,"Dannon Light & Fit Greek Yogurt, Strawberry","Dannon Light & Fit Greek Yogurt, Strawberry",dai_yogur,dairy,5.3oz,"		$1.19/ea($3.61/lb)",1.19,ea(,3.61/lb),,
14465,"Dannon Light & Fit Greek Yogurt, Vanilla","Dannon Light & Fit Greek Yogurt, Vanilla",dai_yogur,dairy,5.3oz,"		$1.19/eaSave! 5 for $5.00($3.61/lb)",1.19,eaSave! 5 for ,5.00(3.61/lb),3.61/lb),
14466,"Dannon Light & Fit Nonfat Vanilla Yogurt, Super Saver Pack","Dannon Light & Fit Nonfat Vanilla Yogurt, Super Saver Pack",dai_yogur,dairy,"4pk, 6oz ea","		$2.49/eaSave! 2 for $4.00($1.66/lb)",2.49,eaSave! 2 for ,4.00(1.66/lb),1.66/lb),
14467,"Dannon Lowfat Yogurt, Coffee","Dannon Lowfat Yogurt, Coffee",dai_yogur,dairy,6oz,"		$0.89/ea($2.34/lb)",0.89,ea(,2.34/lb),,
14469,"Evolve Kefir 1% Lowfat Greek Style Yogurt, Strawberry","Evolve Kefir 1% Lowfat Greek Style Yogurt, Strawberry",dai_yogur,dairy,5.3oz,"		$1.99/ea($6.03/lb)",1.99,ea(,6.03/lb),,
14470,Fage Fruyo 0% Greek Yogurt Blended with Blueberry,Fage Fruyo 0% Greek Yogurt Blended with Blueberry,dai_yogur,dairy,6oz,"		$1.69/ea($4.45/lb)",1.69,ea(,4.45/lb),,
14471,Fage Fruyo 0% Greek Yogurt Blended with Strawberry,Fage Fruyo 0% Greek Yogurt Blended with Strawberry,dai_yogur,dairy,6oz,"		$1.69/ea($4.45/lb)",1.69,ea(,4.45/lb),,
14472,Fage Fruyo 0% Greek Yogurt Blended with Vanilla,Fage Fruyo 0% Greek Yogurt Blended with Vanilla,dai_yogur,dairy,6oz,"		$1.69/ea($4.45/lb)",1.69,ea(,4.45/lb),,
14473,Fage TOTAL 0% Greek Yogurt with Cherry,Fage TOTAL 0% Greek Yogurt with Cherry,dai_yogur,dairy,5.3oz,"		$1.69/ea($5.12/lb)",1.69,ea(,5.12/lb),,
14480,"Just FreshDirect Local Nonfat Greek Yogurt, Pineapple","Just FreshDirect Local Nonfat Greek Yogurt, Pineapple",dai_yogur,dairy,5.3oz,"		$1.29/ea($3.91/lb)",1.29,ea(,3.91/lb),,
14485,"Noosa Finest Yoghurt, Blueberry","Noosa Finest Yoghurt, Blueberry",dai_yogur,dairy,8oz,"		$2.69/ea($5.38/lb)",2.69,ea(,5.38/lb),,
14486,"Noosa Finest Yoghurt, Lemon","Noosa Finest Yoghurt, Lemon",dai_yogur,dairy,8oz,"		$2.69/ea($5.38/lb)",2.69,ea(,5.38/lb),,
14487,"Noosa Finest Yoghurt, Mango","Noosa Finest Yoghurt, Mango",dai_yogur,dairy,8oz,"		$2.69/ea($5.38/lb)",2.69,ea(,5.38/lb),,
14488,"Noosa Finest Yoghurt, Raspberry","Noosa Finest Yoghurt, Raspberry",dai_yogur,dairy,8oz,"		$2.69/ea($5.38/lb)",2.69,ea(,5.38/lb),,
14489,"Noosa Finest Yoghurt, Strawberry Rhubarb","Noosa Finest Yoghurt, Strawberry Rhubarb",dai_yogur,dairy,8oz,"		$2.69/ea($5.38/lb)",2.69,ea(,5.38/lb),,
14492,"Siggi's Skyr Icelandic-Style Strained Low-Fat Squeezable Yogurt Tubes, Strawberry","Siggi's Skyr Icelandic-Style Strained Low-Fat Squeezable Yogurt Tubes, Strawberry",dai_yogur,dairy,"8ct, 2oz ea","		$4.69/ea($4.69/lb)",4.69,ea(,4.69/lb),,
14493,"Siggi's Skyr Icelandic-Style Strained Low-Fat Yogurt, Coconut","Siggi's Skyr Icelandic-Style Strained Low-Fat Yogurt, Coconut",dai_yogur,dairy,5.3oz,"		$1.99/ea($6.03/lb)",1.99,ea(,6.03/lb),,
14498,"Stonyfield Organic Smooth & Creamy Fat-Free Yogurt, French Vanilla","Stonyfield Organic Smooth & Creamy Fat-Free Yogurt, French Vanilla",dai_yogur,dairy,32oz,"		$4.39/ea($2.20/lb)",4.39,ea(,2.20/lb),,
14499,"Stonyfield Organic Smooth & Creamy Lowfat Yogurt, French Vanilla","Stonyfield Organic Smooth & Creamy Lowfat Yogurt, French Vanilla",dai_yogur,dairy,6oz,"		$1.19/ea($3.13/lb)",1.19,ea(,3.13/lb),,
14507,Yo Crunch Vanilla Yogurt with Cookies & Cream,Yo Crunch Vanilla Yogurt with Cookies & Cream,dai_yogur,dairy,6.5oz,"		$0.79/ea",0.79,ea,,,
14508,Yo Crunch Vanilla Yogurt with M&M;'s,Yo Crunch Vanilla Yogurt with M&M;'s,dai_yogur,dairy,6.5oz,"		$0.79/ea($1.93/lb)",0.79,ea(,1.93/lb),,
14509,"Yoplait Original Low-Fat Yogurt, Strawberry Banana","Yoplait Original Low-Fat Yogurt, Strawberry Banana",dai_yogur,dairy,6oz,"		$0.99/ea($2.61/lb)",0.99,ea(,2.61/lb),,
14510,"Almond Dream Non-Dairy Lowfat Yogurt, Coconut","Almond Dream Non-Dairy Lowfat Yogurt, Coconut",dai_yogur,dairy,6oz," 	$1.29/ea $1.69Save 22%($3.39/lb)",1.29,ea ,1.69Save 22%(3.39/lb),3.39/lb),
14511,"Almond Dream Non-Dairy Lowfat Yogurt, Vanilla","Almond Dream Non-Dairy Lowfat Yogurt, Vanilla",dai_yogur,dairy,6oz," 	$1.29/ea $1.69Save 22%($3.39/lb)",1.29,ea ,1.69Save 22%(3.39/lb),3.39/lb),
14516,"Chobani All Natural Flip Low-Fat Greek Yogurt , Peachy Pistachio","Chobani All Natural Flip Low-Fat Greek Yogurt , Peachy Pistachio",dai_yogur,dairy,5.3oz,"		$1.69/ea($5.12/lb)",1.69,ea(,5.12/lb),,
14517,"Chobani All Natural Flip Low-Fat Greek Yogurt, Nutty for Nana","Chobani All Natural Flip Low-Fat Greek Yogurt, Nutty for Nana",dai_yogur,dairy,5.3oz,"		$1.69/ea($5.12/lb)",1.69,ea(,5.12/lb),,
14518,"Chobani All Natural Low-Fat Greek Yogurt - Mango, Fruit on the Bottom","Chobani All Natural Low-Fat Greek Yogurt - Mango, Fruit on the Bottom",dai_yogur,dairy,5.3oz,"		$1.49/ea($4.52/lb)",1.49,ea(,4.52/lb),,
14519,"Chobani All Natural Non-Fat Greek Yogurt - Raspberry, Fruit on the Bottom","Chobani All Natural Non-Fat Greek Yogurt - Raspberry, Fruit on the Bottom",dai_yogur,dairy,5.3oz,"		$1.49/ea($4.52/lb)",1.49,ea(,4.52/lb),,
14520,"Chobani Kids All Natural Low-Fat Greek Yogurt Tubes, Strawberry","Chobani Kids All Natural Low-Fat Greek Yogurt Tubes, Strawberry",dai_yogur,dairy,"8 tubes, 2oz ea","		$3.99/ea($3.99/lb)",3.99,ea(,3.99/lb),,
14521,Dannon Activia Strawberry Yogurt,Dannon Activia Strawberry Yogurt,dai_yogur,dairy,4pk(4.4oz each)," 	$2.09/ea $2.59Any 2 Activia for $4.00($1.90/lb)Mix'n'Match",2.09,ea ,2.59Any 2 Activia for 4.00(1.90/lb)Mix'n'Match,4.00(,1.90/lb)Mix'n'Match
14522,"Dannon Activia Yogurt, Blueberry","Dannon Activia Yogurt, Blueberry",dai_yogur,dairy,4pk(4.4oz each)," 	$2.09/ea $2.59Any 2 Activia for $4.00($1.90/lb)Mix'n'Match",2.09,ea ,2.59Any 2 Activia for 4.00(1.90/lb)Mix'n'Match,4.00(,1.90/lb)Mix'n'Match
14523,"Dannon Fruit on the Bottom Lowfat Yogurt, Cherry","Dannon Fruit on the Bottom Lowfat Yogurt, Cherry",dai_yogur,dairy,6oz,"		$0.89/ea($2.34/lb)",0.89,ea(,2.34/lb),,
14524,"Dannon Fruit on the Bottom Lowfat Yogurt, Mixed Berry","Dannon Fruit on the Bottom Lowfat Yogurt, Mixed Berry",dai_yogur,dairy,6oz,"		$0.89/ea($2.34/lb)",0.89,ea(,2.34/lb),,
14525,"Dannon Fruit on the Bottom Lowfat Yogurt, Raspberry","Dannon Fruit on the Bottom Lowfat Yogurt, Raspberry",dai_yogur,dairy,6oz,"		$0.89/ea($2.34/lb)",0.89,ea(,2.34/lb),,
14526,"Dannon Fruit on the Bottom Lowfat Yogurt, Strawberry","Dannon Fruit on the Bottom Lowfat Yogurt, Strawberry",dai_yogur,dairy,6oz,"		$0.89/ea($2.34/lb)",0.89,ea(,2.34/lb),,
14527,"Dannon Light & Fit Greek Yogurt, Cherry","Dannon Light & Fit Greek Yogurt, Cherry",dai_yogur,dairy,5.3oz,"		$1.19/ea($3.61/lb)",1.19,ea(,3.61/lb),,
14528,"Dannon Light & Fit Greek Yogurt, Peach","Dannon Light & Fit Greek Yogurt, Peach",dai_yogur,dairy,5.3oz,"		$1.19/ea($3.61/lb)",1.19,ea(,3.61/lb),,
14529,"Dannon Light & Fit Nonfat Blueberry Yogurt, Super Saver Pack","Dannon Light & Fit Nonfat Blueberry Yogurt, Super Saver Pack",dai_yogur,dairy,"4pk, 6oz ea","		$2.19/ea($1.46/lb)",2.19,ea(,1.46/lb),,
14530,"Dannon Light & Fit Nonfat Peach Yogurt, Super Saver Pack","Dannon Light & Fit Nonfat Peach Yogurt, Super Saver Pack",dai_yogur,dairy,"4pk, 6oz ea","		$2.19/ea($1.46/lb)",2.19,ea(,1.46/lb),,
14531,"Dannon Light & Fit Nonfat Raspberry Yogurt, Super Saver Pack","Dannon Light & Fit Nonfat Raspberry Yogurt, Super Saver Pack",dai_yogur,dairy,"4pk, 6oz ea","		$2.19/ea($1.46/lb)",2.19,ea(,1.46/lb),,
14532,"Dannon Light & Fit Nonfat Strawberry Banana Yogurt, Super Saver Pack","Dannon Light & Fit Nonfat Strawberry Banana Yogurt, Super Saver Pack",dai_yogur,dairy,"4pk, 6oz ea","		$2.19/ea($1.46/lb)",2.19,ea(,1.46/lb),,
14533,"Dannon Light & Fit Nonfat Strawberry Yogurt, Super Saver Pack","Dannon Light & Fit Nonfat Strawberry Yogurt, Super Saver Pack",dai_yogur,dairy,"4pk, 6oz ea","		$2.19/ea($1.46/lb)",2.19,ea(,1.46/lb),,
14534,"Dannon Lowfat Yogurt, Vanilla","Dannon Lowfat Yogurt, Vanilla",dai_yogur,dairy,6oz,"		$0.89/ea($2.34/lb)",0.89,ea(,2.34/lb),,
14535,Dannon Natural Plain Yogurt,Dannon Natural Plain Yogurt,dai_yogur,dairy,32oz,"		$3.19/eaSave! 2 for $6.00($1.60/lb)",3.19,eaSave! 2 for ,6.00(1.60/lb),1.60/lb),
14536,Dannon Vanilla Yogurt,Dannon Vanilla Yogurt,dai_yogur,dairy,32oz,"		$3.19/ea($1.60/lb)",3.19,ea(,1.60/lb),,
14537,"Evolve Kefir Lowfat Probiotic Smoothie, Natural Blueberry","Evolve Kefir Lowfat Probiotic Smoothie, Natural Blueberry",dai_yogur,dairy,32oz,"		$3.79/ea($1.90/lb)",3.79,ea(,1.90/lb),,
14538,"Evolve Kefir 1% Lowfat Greek Style Yogurt, Blueberry","Evolve Kefir 1% Lowfat Greek Style Yogurt, Blueberry",dai_yogur,dairy,5.3oz,"		$1.99/ea($6.03/lb)",1.99,ea(,6.03/lb),,
14540,"Evolve Kefir  1% Lowfat Greek Style Yogurt, Plain","Evolve Kefir  1% Lowfat Greek Style Yogurt, Plain",dai_yogur,dairy,5.3oz,"		$1.99/ea($6.03/lb)",1.99,ea(,6.03/lb),,
14541,Fage TOTAL 2% Greek Yogurt with Key Lime,Fage TOTAL 2% Greek Yogurt with Key Lime,dai_yogur,dairy,5.3oz,"		$1.69/ea($5.12/lb)",1.69,ea(,5.12/lb),,
14542,Fage TOTAL 2% Greek Yogurt with Mixed Berries,Fage TOTAL 2% Greek Yogurt with Mixed Berries,dai_yogur,dairy,5.3oz,"		$1.69/ea($5.12/lb)",1.69,ea(,5.12/lb),,
14547,"Müller Corner, Lowfat Yogurt with Choco Balls","Müller Corner, Lowfat Yogurt with Choco Balls",dai_yogur,dairy,5.3oz,"		$1.49/ea($4.52/lb)",1.49,ea(,4.52/lb),,
14548,"Müller FrütUp Natural Yogurt with Mousse, Peach Passion Fruit","Müller FrütUp Natural Yogurt with Mousse, Peach Passion Fruit",dai_yogur,dairy,5.3oz,"		$1.19/ea($3.61/lb)",1.19,ea(,3.61/lb),,
14549,"Müller FrütUp Natural Yogurt with Mousse, Splendid Strawberry","Müller FrütUp Natural Yogurt with Mousse, Splendid Strawberry",dai_yogur,dairy,5.3oz,"		$1.19/ea($3.61/lb)",1.19,ea(,3.61/lb),,
14550,"Müller Greek Corner, Lowfat Yogurt with Blackberry & Raspberry","Müller Greek Corner, Lowfat Yogurt with Blackberry & Raspberry",dai_yogur,dairy,5.3oz,"		$1.49/ea($4.52/lb)",1.49,ea(,4.52/lb),,
14551,"Müller Greek Corner, Lowfat Yogurt with Caramelized Almonds","Müller Greek Corner, Lowfat Yogurt with Caramelized Almonds",dai_yogur,dairy,5.3oz,"		$1.49/ea($4.52/lb)",1.49,ea(,4.52/lb),,
14552,"Noosa Finest Yoghurt, Honey","Noosa Finest Yoghurt, Honey",dai_yogur,dairy,8oz,"		$2.69/ea($5.38/lb)",2.69,ea(,5.38/lb),,
14553,Ronnybrook Creamline Coconut Yogurt,Ronnybrook Creamline Coconut Yogurt,dai_yogur,dairy,6oz,"		$1.59/ea($4.18/lb)",1.59,ea(,4.18/lb),,
14557,"Siggi's Skyr Icelandic-Style Strained Low-Fat Squeezable Yogurt Tubes, Blueberry","Siggi's Skyr Icelandic-Style Strained Low-Fat Squeezable Yogurt Tubes, Blueberry",dai_yogur,dairy,"8ct, 2oz ea","		$4.69/ea($4.69/lb)",4.69,ea(,4.69/lb),,
14558,"Stonyfield Organic Chocolate Underground Fat-Free Yogurt, Chocolate","Stonyfield Organic Chocolate Underground Fat-Free Yogurt, Chocolate",dai_yogur,dairy,6oz,"		$1.19/ea($3.13/lb)",1.19,ea(,3.13/lb),,
14559,"Stonyfield Organic Fruit-on-the-Bottom Fat-Free Yogurt, Strawberry","Stonyfield Organic Fruit-on-the-Bottom Fat-Free Yogurt, Strawberry",dai_yogur,dairy,6oz,"		$1.19/ea($3.13/lb)",1.19,ea(,3.13/lb),,
14560,"Stonyfield Organic Greek Fat-Free Yogurt, Chocolate","Stonyfield Organic Greek Fat-Free Yogurt, Chocolate",dai_yogur,dairy,5.3oz,"		$1.99/ea($6.03/lb)",1.99,ea(,6.03/lb),,
14567,"Stonyfield Organic Smooth & Creamy Lowfat Yogurt, Peach","Stonyfield Organic Smooth & Creamy Lowfat Yogurt, Peach",dai_yogur,dairy,6oz,"		$1.19/ea($3.13/lb)",1.19,ea(,3.13/lb),,
14575,"The Greek Gods Greek-Style Yogurt, Honey Flavor","The Greek Gods Greek-Style Yogurt, Honey Flavor",dai_yogur,dairy,6oz,"		$1.79/ea($4.71/lb)",1.79,ea(,4.71/lb),,
14576,"Yoplait Original Low-Fat Yogurt, Harvest Peach","Yoplait Original Low-Fat Yogurt, Harvest Peach",dai_yogur,dairy,6oz,"		$0.99/ea($2.61/lb)",0.99,ea(,2.61/lb),,
14577,"Almond Dream Non-Dairy Lowfat Yogurt, Mixed Berry","Almond Dream Non-Dairy Lowfat Yogurt, Mixed Berry",dai_yogur,dairy,6oz," 	$1.29/ea $1.69Save 22%($3.39/lb)",1.29,ea ,1.69Save 22%(3.39/lb),3.39/lb),
14578,"Almond Dream Non-Dairy Lowfat Yogurt, Plain","Almond Dream Non-Dairy Lowfat Yogurt, Plain",dai_yogur,dairy,6oz," 	$1.29/ea $1.69Save 22%($3.39/lb)",1.29,ea ,1.69Save 22%(3.39/lb),3.39/lb),
14579,"Almond Dream Non-Dairy Lowfat Yogurt, Strawberry","Almond Dream Non-Dairy Lowfat Yogurt, Strawberry",dai_yogur,dairy,6oz," 	$1.29/ea $1.69Save 22%($3.39/lb)",1.29,ea ,1.69Save 22%(3.39/lb),3.39/lb),
14584,"Chobani Kids All Natural Low-Fat Greek Yogurt Tubes, Banana","Chobani Kids All Natural Low-Fat Greek Yogurt Tubes, Banana",dai_yogur,dairy,"8 tubes, 2oz ea","		$3.99/ea($3.99/lb)",3.99,ea(,3.99/lb),,
14585,"Chobani Kids All Natural Low-Fat Greek Yogurt Tubes, Choco Dust","Chobani Kids All Natural Low-Fat Greek Yogurt Tubes, Choco Dust",dai_yogur,dairy,"8 tubes, 2oz ea","		$3.99/ea($3.99/lb)",3.99,ea(,3.99/lb),,
14586,"Coach Farm Goat Milk Yogurt, Plain","Coach Farm Goat Milk Yogurt, Plain",dai_yogur,dairy,6oz,"		$2.59/ea($6.82/lb)",2.59,ea(,6.82/lb),,
14587,"Coach Farm Goat Milk Yogurt, Vanilla","Coach Farm Goat Milk Yogurt, Vanilla",dai_yogur,dairy,6oz,"		$2.59/ea($6.82/lb)",2.59,ea(,6.82/lb),,
14588,"Coach Farm Yo-Goat Cultured Goat Milk, Blueberry","Coach Farm Yo-Goat Cultured Goat Milk, Blueberry",dai_yogur,dairy,8oz,"		$1.79/ea($3.58/lb)",1.79,ea(,3.58/lb),,
14589,"Coach Farm Yo-Goat Cultured Goat Milk, Mango Peach","Coach Farm Yo-Goat Cultured Goat Milk, Mango Peach",dai_yogur,dairy,8oz,"		$1.79/ea($3.58/lb)",1.79,ea(,3.58/lb),,
14590,"Coach Farm Yo-Goat Cultured Goat Milk, Plain","Coach Farm Yo-Goat Cultured Goat Milk, Plain",dai_yogur,dairy,8oz,"		$1.79/ea($3.58/lb)",1.79,ea(,3.58/lb),,
14591,"Coach Farm Yo-Goat Cultured Goat Milk, Strawberry","Coach Farm Yo-Goat Cultured Goat Milk, Strawberry",dai_yogur,dairy,8oz,"		$1.79/ea($3.58/lb)",1.79,ea(,3.58/lb),,
14592,"Dannon Light & Fit Nonfat Greek Yogurt Blends, Cherry Chocolate","Dannon Light & Fit Nonfat Greek Yogurt Blends, Cherry Chocolate",dai_yogur,dairy,5.3oz,"		$1.19/ea($3.61/lb)",1.19,ea(,3.61/lb),,
14593,"Dannon Light & Fit Nonfat Greek Yogurt Blends, Key Lime","Dannon Light & Fit Nonfat Greek Yogurt Blends, Key Lime",dai_yogur,dairy,5.3oz,"		$1.19/ea($3.61/lb)",1.19,ea(,3.61/lb),,
14594,"Dannon Light & Fit Nonfat Greek Yogurt Blends, Toasted Coconut Vanilla","Dannon Light & Fit Nonfat Greek Yogurt Blends, Toasted Coconut Vanilla",dai_yogur,dairy,5.3oz,"		$1.19/ea($3.61/lb)",1.19,ea(,3.61/lb),,
14595,Dannon Light & Fit Nonfat Vanilla Yogurt,Dannon Light & Fit Nonfat Vanilla Yogurt,dai_yogur,dairy,32oz,"		$3.19/ea($1.60/lb)",3.19,ea(,1.60/lb),,
14598,"Evolve Kefir 1% Lowfat Probiotic Smoothie, Peach","Evolve Kefir 1% Lowfat Probiotic Smoothie, Peach",dai_yogur,dairy,32oz,"		$3.79/ea($1.90/lb)",3.79,ea(,1.90/lb),,
14599,"Evolve Kefir  1% Lowfat Greek Style Yogurt, Peach","Evolve Kefir  1% Lowfat Greek Style Yogurt, Peach",dai_yogur,dairy,5.3oz,"		$1.99/ea($6.03/lb)",1.99,ea(,6.03/lb),,
14600,Fage Fruyo Classic Greek Yogurt Blended with Coconut,Fage Fruyo Classic Greek Yogurt Blended with Coconut,dai_yogur,dairy,6oz,"		$1.69/ea($4.45/lb)",1.69,ea(,4.45/lb),,
14601,Fage Fruyo Classic Greek Yogurt Blended with Lemon,Fage Fruyo Classic Greek Yogurt Blended with Lemon,dai_yogur,dairy,6oz,"		$1.69/ea($4.45/lb)",1.69,ea(,4.45/lb),,
14602,Fage TOTAL 2% Greek Yogurt with Blood Orange,Fage TOTAL 2% Greek Yogurt with Blood Orange,dai_yogur,dairy,5.3oz,"		$1.69/ea($5.12/lb)",1.69,ea(,5.12/lb),,
14604,"Maple Hill Creamery 100% Grass-Fed Organic Yogurt, Lemon","Maple Hill Creamery 100% Grass-Fed Organic Yogurt, Lemon",dai_yogur,dairy,6oz,"		$1.49/ea($3.92/lb)",1.49,ea(,3.92/lb),,
14605,"Maple Hill Creamery 100% Grass-Fed Organic Yogurt, Maple","Maple Hill Creamery 100% Grass-Fed Organic Yogurt, Maple",dai_yogur,dairy,6oz,"		$1.49/ea($3.92/lb)",1.49,ea(,3.92/lb),,
14606,"Maple Hill Creamery 100% Grass-Fed Organic Yogurt, Orange Crème","Maple Hill Creamery 100% Grass-Fed Organic Yogurt, Orange Crème",dai_yogur,dairy,6oz,"		$1.49/ea($3.92/lb)",1.49,ea(,3.92/lb),,
14607,"Maple Hill Creamery 100% Grass-Fed Organic Yogurt, Plain","Maple Hill Creamery 100% Grass-Fed Organic Yogurt, Plain",dai_yogur,dairy,6oz,"		$1.49/ea($3.92/lb)",1.49,ea(,3.92/lb),,
14608,"Maple Hill Creamery 100% Grass-Fed Organic Yogurt, Plain","Maple Hill Creamery 100% Grass-Fed Organic Yogurt, Plain",dai_yogur,dairy,1 Quart (32oz),"		$6.99/ea($3.50/lb)",6.99,ea(,3.50/lb),,
14609,"Maple Hill Creamery 100% Grass-Fed Organic Yogurt, Vanilla","Maple Hill Creamery 100% Grass-Fed Organic Yogurt, Vanilla",dai_yogur,dairy,6oz,"		$1.49/ea($3.92/lb)",1.49,ea(,3.92/lb),,
14610,"Maple Hill Creamery 100% Grass-Fed Organic Yogurt, Wild Blueberry","Maple Hill Creamery 100% Grass-Fed Organic Yogurt, Wild Blueberry",dai_yogur,dairy,6oz,"		$1.49/ea($3.92/lb)",1.49,ea(,3.92/lb),,
14611,"Müller Corner, Lowfat Yogurt with Crunchy Granola","Müller Corner, Lowfat Yogurt with Crunchy Granola",dai_yogur,dairy,5.3oz,"		$1.49/ea($4.52/lb)",1.49,ea(,4.52/lb),,
14612,"Müller FrütUp Natural Yogurt with Mousse, Luscious Lemon","Müller FrütUp Natural Yogurt with Mousse, Luscious Lemon",dai_yogur,dairy,5.3oz,"		$1.19/ea($3.61/lb)",1.19,ea(,3.61/lb),,
14613,"Noosa Finest Yoghurt, Coconut","Noosa Finest Yoghurt, Coconut",dai_yogur,dairy,8oz,"		$2.69/ea($5.38/lb)",2.69,ea(,5.38/lb),,
14614,Old Chatham Hudson Valley Blueberry Sheep's Milk Yogurt,Old Chatham Hudson Valley Blueberry Sheep's Milk Yogurt,dai_yogur,dairy,6oz,"		$2.99/ea($7.87/lb)",2.99,ea(,7.87/lb),,
14615,Old Chatham Hudson Valley Ginger Sheep's Milk Yogurt,Old Chatham Hudson Valley Ginger Sheep's Milk Yogurt,dai_yogur,dairy,6oz,"		$2.99/ea($7.87/lb)",2.99,ea(,7.87/lb),,
14616,Old Chatham Hudson Valley Unflavored Sheep's Milk Yogurt,Old Chatham Hudson Valley Unflavored Sheep's Milk Yogurt,dai_yogur,dairy,6oz,"		$2.99/ea($7.87/lb)",2.99,ea(,7.87/lb),,
14619,"Siggi's Skyr Icelandic-Style Strained Low-Fat Yogurt, Pumpkin Spice","Siggi's Skyr Icelandic-Style Strained Low-Fat Yogurt, Pumpkin Spice",dai_yogur,dairy,5.3oz,"		$1.99/ea($6.03/lb)",1.99,ea(,6.03/lb),,
14620,"Siggi's Skyr Icelandic-Style Strained Non-Fat Yogurt, Plain","Siggi's Skyr Icelandic-Style Strained Non-Fat Yogurt, Plain",dai_yogur,dairy,24oz,"		$5.99/ea($3.99/lb)",5.99,ea(,3.99/lb),,
14621,"Siggi's Skyr Icelandic-Style Strained Non-Fat Yogurt, Vanilla","Siggi's Skyr Icelandic-Style Strained Non-Fat Yogurt, Vanilla",dai_yogur,dairy,24oz,"		$5.99/ea($3.99/lb)",5.99,ea(,3.99/lb),,
14622,"Sophie No Sugar Added Nonfat Greek Yogurt, Banana Cream Pie","Sophie No Sugar Added Nonfat Greek Yogurt, Banana Cream Pie",dai_yogur,dairy,5.3oz," 	$1.59/ea $1.99Any 3 Flavors for $3.99($4.82/lb)Mix'n'Match",1.59,ea ,1.99Any 3 Flavors for 3.99(4.82/lb)Mix'n'Match,3.99(,4.82/lb)Mix'n'Match
14623,"Sophie No Sugar Added Nonfat Greek Yogurt, Blueberry Cobbler","Sophie No Sugar Added Nonfat Greek Yogurt, Blueberry Cobbler",dai_yogur,dairy,5.3oz," 	$1.59/ea $1.99Any 3 Flavors for $3.99($4.82/lb)Mix'n'Match",1.59,ea ,1.99Any 3 Flavors for 3.99(4.82/lb)Mix'n'Match,3.99(,4.82/lb)Mix'n'Match
14624,"Sophie No Sugar Added Nonfat Greek Yogurt, Caramel","Sophie No Sugar Added Nonfat Greek Yogurt, Caramel",dai_yogur,dairy,5.3oz," 	$1.59/ea $1.99Any 3 Flavors for $3.99($4.82/lb)Mix'n'Match",1.59,ea ,1.99Any 3 Flavors for 3.99(4.82/lb)Mix'n'Match,3.99(,4.82/lb)Mix'n'Match
14625,"Sophie No Sugar Added Nonfat Greek Yogurt, Chocolate","Sophie No Sugar Added Nonfat Greek Yogurt, Chocolate",dai_yogur,dairy,5.3oz," 	$1.59/ea $1.99Any 3 Flavors for $3.99($4.82/lb)Mix'n'Match",1.59,ea ,1.99Any 3 Flavors for 3.99(4.82/lb)Mix'n'Match,3.99(,4.82/lb)Mix'n'Match
14626,"Sophie No Sugar Added Nonfat Greek Yogurt, Strawberries & Cream","Sophie No Sugar Added Nonfat Greek Yogurt, Strawberries & Cream",dai_yogur,dairy,5.3oz," 	$1.59/ea $1.99Any 3 Flavors for $3.99($4.82/lb)Mix'n'Match",1.59,ea ,1.99Any 3 Flavors for 3.99(4.82/lb)Mix'n'Match,3.99(,4.82/lb)Mix'n'Match
14627,"Sophie No Sugar Added Nonfat Greek Yogurt, Vanilla Bean","Sophie No Sugar Added Nonfat Greek Yogurt, Vanilla Bean",dai_yogur,dairy,5.3oz," 	$1.59/ea $1.99Any 3 Flavors for $3.99($4.82/lb)Mix'n'Match",1.59,ea ,1.99Any 3 Flavors for 3.99(4.82/lb)Mix'n'Match,3.99(,4.82/lb)Mix'n'Match
14629,"Stonyfield Organic Lowfat Petite Crème, Strawberry","Stonyfield Organic Lowfat Petite Crème, Strawberry",dai_yogur,dairy,5.3oz," 	$1.49/ea $1.99Any 4 Petite Crème for $5.00($4.52/lb)Mix'n'Match",1.49,ea ,1.99Any 4 Petite Crème for 5.00(4.52/lb)Mix'n'Match,5.00(,4.52/lb)Mix'n'Match
14630,"Stonyfield Organic Lowfat Petite Crème, Vanilla","Stonyfield Organic Lowfat Petite Crème, Vanilla",dai_yogur,dairy,5.3oz," 	$1.49/ea $1.99Any 4 Petite Crème for $5.00($4.52/lb)Mix'n'Match",1.49,ea ,1.99Any 4 Petite Crème for 5.00(4.52/lb)Mix'n'Match,5.00(,4.52/lb)Mix'n'Match
14637,"The Greek Gods Greek-Style Yogurt, Fig Flavor","The Greek Gods Greek-Style Yogurt, Fig Flavor",dai_yogur,dairy,6oz,"		$1.79/ea($4.71/lb)",1.79,ea(,4.71/lb),,
14638,"The Greek Gods Reduced Fat Greek-Style Yogurt, Vanilla, Cinnamon & Orange","The Greek Gods Reduced Fat Greek-Style Yogurt, Vanilla, Cinnamon & Orange",dai_yogur,dairy,6oz,"		$1.79/ea($4.71/lb)",1.79,ea(,4.71/lb),,
14639,Yo Crunch Strawberry Yogurt with Granola,Yo Crunch Strawberry Yogurt with Granola,dai_yogur,dairy,6.5oz,"		$0.79/ea($1.93/lb)",0.79,ea(,1.93/lb),,
14640,"Yoplait Whips! Yogurt, Chocolate","Yoplait Whips! Yogurt, Chocolate",dai_yogur,dairy,4oz,"		$0.99/ea($3.96/lb)",0.99,ea(,3.96/lb),,
14641,"All Natural Non-Fat Greek Yogurt, Plain","All Natural Non-Fat Greek Yogurt, Plain",dai_yogur,dairy,32oz,"		$6.49/ea($3.24/lb)",6.49,ea(,3.24/lb),,
14642,"Blue Hill 100% Grass-Fed Yogurt, Beet","Blue Hill 100% Grass-Fed Yogurt, Beet",dai_yogur,dairy,5.3oz,"		$2.99/ea($9.06/lb)",2.99,ea(,9.06/lb),,
14643,"Blue Hill 100% Grass-Fed Yogurt, Butternut Squash","Blue Hill 100% Grass-Fed Yogurt, Butternut Squash",dai_yogur,dairy,5.3oz,"		$2.99/ea($9.06/lb)",2.99,ea(,9.06/lb),,
14644,"Blue Hill 100% Grass-Fed Yogurt, Carrot","Blue Hill 100% Grass-Fed Yogurt, Carrot",dai_yogur,dairy,5.3oz,"		$2.99/ea($9.06/lb)",2.99,ea(,9.06/lb),,
14645,"Blue Hill 100% Grass-Fed Yogurt, Parsnip","Blue Hill 100% Grass-Fed Yogurt, Parsnip",dai_yogur,dairy,5.3oz,"		$2.99/ea($9.06/lb)",2.99,ea(,9.06/lb),,
14646,"Blue Hill 100% Grass-Fed Yogurt, Sweet Potato","Blue Hill 100% Grass-Fed Yogurt, Sweet Potato",dai_yogur,dairy,5.3oz,"		$2.99/ea($9.06/lb)",2.99,ea(,9.06/lb),,
14647,"Blue Hill 100% Grass-Fed Yogurt, Tomato","Blue Hill 100% Grass-Fed Yogurt, Tomato",dai_yogur,dairy,5.3oz,"		$2.99/ea($9.06/lb)",2.99,ea(,9.06/lb),,
14648,"Chobani Greek Yogurt Oats, Ancient Grain Blend, Mixed Berry","Chobani Greek Yogurt Oats, Ancient Grain Blend, Mixed Berry",dai_yogur,dairy,5.3oz,"		$1.69/ea($5.10/lb)",1.69,ea(,5.10/lb),,
14649,"Chobani Greek Yogurt Oats, Apple Cinnamon","Chobani Greek Yogurt Oats, Apple Cinnamon",dai_yogur,dairy,5.3oz,"		$1.69/ea($5.10/lb)",1.69,ea(,5.10/lb),,
14650,"Chobani Greek Yogurt Oats, Banana Maple","Chobani Greek Yogurt Oats, Banana Maple",dai_yogur,dairy,5.3oz,"		$1.69/ea($5.10/lb)",1.69,ea(,5.10/lb),,
14651,"Chobani Simply 100 Greek Yogurt, Key Lime","Chobani Simply 100 Greek Yogurt, Key Lime",dai_yogur,dairy,5.3oz,"		$1.59/ea($4.80/lb)",1.59,ea(,4.80/lb),,
14652,"Chobani Simply 100 Greek Yogurt, Pineapple Coconut","Chobani Simply 100 Greek Yogurt, Pineapple Coconut",dai_yogur,dairy,5.3oz,"		$1.59/ea($4.80/lb)",1.59,ea(,4.80/lb),,
14653,"Chobani Simply 100 Greek Yogurt, Raspberry Lemon","Chobani Simply 100 Greek Yogurt, Raspberry Lemon",dai_yogur,dairy,5.3oz,"		$1.59/ea($4.80/lb)",1.59,ea(,4.80/lb),,
14654,"Chobani Simply 100 Greek Yogurt, Tropical Citrus","Chobani Simply 100 Greek Yogurt, Tropical Citrus",dai_yogur,dairy,5.3oz,"		$1.59/ea($4.80/lb)",1.59,ea(,4.80/lb),,
14658,FreshDirect Espresso Greek Yogurt & Dark Chocolate Crunch,FreshDirect Espresso Greek Yogurt & Dark Chocolate Crunch,dai_yogur,dairy,6oz,"		$3.99/eaAny 2 Yogurt & Chia Parfaits for $7.00($10.50/lb)Mix'n'Match",3.99,eaAny 2 Yogurt & Chia Parfaits for ,7.00(10.50/lb)Mix'n'Match,10.50/lb)Mix'n'Match,
14660,FreshDirect Greek Yogurt with Figs & Walnuts,FreshDirect Greek Yogurt with Figs & Walnuts,dai_yogur,dairy,6oz,"		$3.99/eaAny 2 Yogurt & Chia Parfaits for $7.00($10.50/lb)Mix'n'Match",3.99,eaAny 2 Yogurt & Chia Parfaits for ,7.00(10.50/lb)Mix'n'Match,10.50/lb)Mix'n'Match,
14665,FreshDirect Vanilla Bean Nonfat Greek Yogurt & Granola,FreshDirect Vanilla Bean Nonfat Greek Yogurt & Granola,dai_yogur,dairy,6oz,"		$3.99/eaAny 2 Yogurt & Chia Parfaits for $7.00($10.50/lb)Mix'n'Match",3.99,eaAny 2 Yogurt & Chia Parfaits for ,7.00(10.50/lb)Mix'n'Match,10.50/lb)Mix'n'Match,
14668,"Müller Greek 100 Corner, Nonfat Yogurt with Black Cherry & Pomegranate","Müller Greek 100 Corner, Nonfat Yogurt with Black Cherry & Pomegranate",dai_yogur,dairy,5.3oz,"		$1.49/ea($4.52/lb)",1.49,ea(,4.52/lb),,
14669,"Müller Greek 100 Corner, Nonfat Yogurt with Blackberry & Raspberry","Müller Greek 100 Corner, Nonfat Yogurt with Blackberry & Raspberry",dai_yogur,dairy,5.3oz,"		$1.49/ea($4.52/lb)",1.49,ea(,4.52/lb),,
14670,"Müller Greek 100 Corner, Nonfat Yogurt with Strawberry","Müller Greek 100 Corner, Nonfat Yogurt with Strawberry",dai_yogur,dairy,5.3oz,"		$1.49/ea($0.05/lb)",1.49,ea(,0.05/lb),,
14671,"Müller Ice Cream Inspired Yogurt, Mint Chocolate Chip","Müller Ice Cream Inspired Yogurt, Mint Chocolate Chip",dai_yogur,dairy,5.3oz,"		$1.49/ea($4.52/lb)",1.49,ea(,4.52/lb),,
14672,"Müller Ice Cream Inspired Yogurt, Raspberry Chocolate Chip","Müller Ice Cream Inspired Yogurt, Raspberry Chocolate Chip",dai_yogur,dairy,5.3oz,"		$1.49/ea($4.52/lb)",1.49,ea(,4.52/lb),,
14673,"Müller Ice Cream Inspired Yogurt, Vanilla Bean","Müller Ice Cream Inspired Yogurt, Vanilla Bean",dai_yogur,dairy,5.3oz,"		$1.49/ea($4.52/lb)",1.49,ea(,4.52/lb),,
14674,"Noosa Finest Yoghurt, Blueberry","Noosa Finest Yoghurt, Blueberry",dai_yogur,dairy,"4pk, 4oz ea","		$5.99/ea($5.99/lb)",5.99,ea(,5.99/lb),,
14675,"Noosa Finest Yoghurt, Tart Cherry","Noosa Finest Yoghurt, Tart Cherry",dai_yogur,dairy,"4pk, 4oz ea","		$5.99/ea($5.99/lb)",5.99,ea(,5.99/lb),,
14676,"Stonyfield Organic Lowfat Petite Crème, Plain","Stonyfield Organic Lowfat Petite Crème, Plain",dai_yogur,dairy,5.3oz," 	$1.49/ea $1.99Any 4 Petite Crème for $5.00($4.52/lb)Mix'n'Match",1.49,ea ,1.99Any 4 Petite Crème for 5.00(4.52/lb)Mix'n'Match,5.00(,4.52/lb)Mix'n'Match
14678,"The Greek Gods Non-Fat Greek-Style Yogurt, Plain","The Greek Gods Non-Fat Greek-Style Yogurt, Plain",dai_yogur,dairy,6oz,"		$1.79/ea($4.71/lb)",1.79,ea(,4.71/lb),,
14686,"Stonyfield Organic YoKids Smoothie, Strawbana","Stonyfield Organic YoKids Smoothie, Strawbana",dai_yogur,dairy,"6pk, 3.1oz ea","		$0.00/null($0.00/lb)",0,null(,0.00/lb),,
14688,Fage Fruyo Classic Greek Yogurt Blended with Blackberry Lime,Fage Fruyo Classic Greek Yogurt Blended with Blackberry Lime,dai_yogur,dairy,6oz,"		$0.00/null($0.00/lb)",0,null(,0.00/lb),,
14689,Fage Fruyo Classic Greek Yogurt Blended with Coffee,Fage Fruyo Classic Greek Yogurt Blended with Coffee,dai_yogur,dairy,6oz,"		$0.00/null($0.00/lb)",0,null(,0.00/lb),,
14690,Fage Fruyo Classic Greek Yogurt Blended with Strawberry Banana,Fage Fruyo Classic Greek Yogurt Blended with Strawberry Banana,dai_yogur,dairy,6oz,"		$0.00/null($0.00/lb)",0,null(,0.00/lb),,
14691,Old Chatham Hudson Valley Maple Sheep's Milk Yogurt,Old Chatham Hudson Valley Maple Sheep's Milk Yogurt,dai_yogur,dairy,6oz,"		$0.00/null($0.00/lb)",0,null(,0.00/lb),,
14692,"Stonyfield Organic Lowfat Petite Crème, Blueberry","Stonyfield Organic Lowfat Petite Crème, Blueberry",dai_yogur,dairy,5.3oz," 	$0.00/null $1.99Any 4 Petite Crème for $5.00($0.00/lb)Mix'n'Match",0,null ,1.99Any 4 Petite Crème for 5.00(0.00/lb)Mix'n'Match,5.00(,0.00/lb)Mix'n'Match
14693,"Stonyfield Organic Lowfat Petite Crème, Peach","Stonyfield Organic Lowfat Petite Crème, Peach",dai_yogur,dairy,5.3oz," 	$0.00/null $1.99Any 4 Petite Crème for $5.00($0.00/lb)Mix'n'Match",0,null ,1.99Any 4 Petite Crème for 5.00(0.00/lb)Mix'n'Match,5.00(,0.00/lb)Mix'n'Match
14695,"Chobani Greek Yogurt Oats, Blueberry","Chobani Greek Yogurt Oats, Blueberry",dai_yogur,dairy,5.3oz,"		$0.00/null($0.00/lb)",0,null(,0.00/lb),,
14696,"DAHlicious Lassi Probiotic Indian Style Lowfat Yogurt Drink, Alphonso Mango","DAHlicious Lassi Probiotic Indian Style Lowfat Yogurt Drink, Alphonso Mango",dai_yogur,dairy,32oz," 	$0.00/null $5.49($0.00/lb)",0,null ,5.49(0.00/lb),0.00/lb),
14697,"DAHlicious Lassi Probiotic Indian Style Lowfat Yogurt Drink, Oregon Strawberry","DAHlicious Lassi Probiotic Indian Style Lowfat Yogurt Drink, Oregon Strawberry",dai_yogur,dairy,32oz,"		$0.00/null($0.00/lb)",0,null(,0.00/lb),,
14698,"Maple Hill Creamery 100% Grass-Fed Organic Drinkable Yogurt, Vanilla","Maple Hill Creamery 100% Grass-Fed Organic Drinkable Yogurt, Vanilla",dai_yogur,dairy,12oz," 	$0.00/null $3.49Any 2 Maple Hill Drinkable Yogurt for $5.00($0.00/lb)Mix'n'Match",0,null ,3.49Any 2 Maple Hill Drinkable Yogurt for 5.00(0.00/lb)Mix'n'Match,5.00(,0.00/lb)Mix'n'Match
14699,"Old Chatham Black Sheep Yogurt, American Cherry","Old Chatham Black Sheep Yogurt, American Cherry",dai_yogur,dairy,6oz,"		$0.00/null($0.00/lb)",0,null(,0.00/lb),,
14700,"Old Chatham Black Sheep Yogurt, Vanilla Bean","Old Chatham Black Sheep Yogurt, Vanilla Bean",dai_yogur,dairy,6oz,"		$0.00/null($0.00/lb)",0,null(,0.00/lb),,
14702,Heinz Distilled White Vinegar,Heinz Distilled White Vinegar,gro_oil,pantry,32oz,"		$1.89/ea($0.94/pt)",1.89,ea(,0.94/pt),,
14709,Pam Olive Oil Cooking Spray,Pam Olive Oil Cooking Spray,gro_oil,pantry,5oz,"		$3.49/ea($11.26/pt)",3.49,ea(,11.26/pt),,
14710,Pam Original Cooking Spray,Pam Original Cooking Spray,gro_oil,pantry,6oz,"		$3.49/ea($9.18/pt)",3.49,ea(,9.18/pt),,
14711,Wesson Canola Oil,Wesson Canola Oil,gro_oil,pantry,48oz,"		$4.99/ea($1.66/pt)",4.99,ea(,1.66/pt),,
14712,Bel Aria Grapeseed Oil,Bel Aria Grapeseed Oil,gro_oil,pantry,17oz,"		$4.99/ea($4.71/pt)",4.99,ea(,4.71/pt),,
14717,Hain Pure Foods Canola Oil,Hain Pure Foods Canola Oil,gro_oil,pantry,32oz,"		$4.59/ea($2.30/pt)",4.59,ea(,2.30/pt),,
14718,Heinz Apple Cider Vinegar,Heinz Apple Cider Vinegar,gro_oil,pantry,32oz,"		$2.69/ea($1.34/pt)",2.69,ea(,1.34/pt),,
14721,Marukan Rice Vinegar,Marukan Rice Vinegar,gro_oil,pantry,12oz,"		$2.99/ea($3.99/pt)",2.99,ea(,3.99/pt),,
14723,Roland Aged French Red Wine Vinegar,Roland Aged French Red Wine Vinegar,gro_oil,pantry,16.9oz,"		$3.29/ea($3.10/pt)",3.29,ea(,3.10/pt),,
14725,"Spectrum Organic Coconut Oil, Refined, For Medium High Heat","Spectrum Organic Coconut Oil, Refined, For Medium High Heat",gro_oil,pantry,14oz,"		$7.99/ea($9.08/pt)",7.99,ea(,9.08/pt),,
14726,"Spectrum Organic Virgin Coconut Oil, Unrefined (for Medium Heat)","Spectrum Organic Virgin Coconut Oil, Unrefined (for Medium Heat)",gro_oil,pantry,14oz,"		$8.99/ea($10.22/pt)",8.99,ea(,10.22/pt),,
14731,Capirete Vinagre de Jerez Sherry Vinegar,Capirete Vinagre de Jerez Sherry Vinegar,gro_oil,pantry,12.7oz,"		$3.69/ea($4.67/pt)",3.69,ea(,4.67/pt),,
14733,Crisco Pure Vegetable Oil,Crisco Pure Vegetable Oil,gro_oil,pantry,64oz plastic bottle,"		$6.79/ea($1.70/pt)",6.79,ea(,1.70/pt),,
14734,Crisco Pure Vegetable Oil,Crisco Pure Vegetable Oil,gro_oil,pantry,48oz plastic bottle,"		$5.19/ea($1.73/pt)",5.19,ea(,1.73/pt),,
14738,Hain Pure Foods Safflower Oil,Hain Pure Foods Safflower Oil,gro_oil,pantry,32oz,"		$5.69/ea($2.84/pt)",5.69,ea(,2.84/pt),,
14744,Just FreshDirect Imported White Wine Vinegar,Just FreshDirect Imported White Wine Vinegar,gro_oil,pantry,500ml,"		$4.99/ea($4.71/pt)",4.99,ea(,4.71/pt),,
14746,Marukan Seasoned Rice Vinegar,Marukan Seasoned Rice Vinegar,gro_oil,pantry,12oz,"		$2.99/ea($3.99/pt)",2.99,ea(,3.99/pt),,
14750,Pam Butter Cooking Spray,Pam Butter Cooking Spray,gro_oil,pantry,5oz,"		$3.49/ea($11.26/pt)",3.49,ea(,11.26/pt),,
14751,Planters Peanut Oil,Planters Peanut Oil,gro_oil,pantry,24oz,"		$5.49/ea($3.66/pt)",5.49,ea(,3.66/pt),,
14752,Roland Sherry Cooking Wine,Roland Sherry Cooking Wine,gro_oil,pantry,12.9oz,"		$2.29/ea($2.83/pt)",2.29,ea(,2.83/pt),,
14753,Roland Special Reserve White Wine Vinegar,Roland Special Reserve White Wine Vinegar,gro_oil,pantry,16.9oz,"		$3.29/ea($3.10/pt)",3.29,ea(,3.10/pt),,
14755,"Spectrum Canola Oil, Refined (for Medium High Heat)","Spectrum Canola Oil, Refined (for Medium High Heat)",gro_oil,pantry,16oz,"		$4.49/ea($4.49/pt)",4.49,ea(,4.49/pt),,
14756,"Spectrum Coconut Spray Oil, Non-Stick Cooking, Refined, For Medium High Heat","Spectrum Coconut Spray Oil, Non-Stick Cooking, Refined, For Medium High Heat",gro_oil,pantry,6oz,"		$4.99/ea($13.13/pt)",4.99,ea(,13.13/pt),,
14757,Spectrum Expeller Pressed Canola & Coconut Oil Blend,Spectrum Expeller Pressed Canola & Coconut Oil Blend,gro_oil,pantry,32oz,"		$7.99/ea($4.00/pt)",7.99,ea(,4.00/pt),,
14758,Spectrum First Cold Pressed Organic Olive Oil Spray Oil (for Non-Stick Cooking),Spectrum First Cold Pressed Organic Olive Oil Spray Oil (for Non-Stick Cooking),gro_oil,pantry,5oz,"		$5.99/ea($19.32/pt)",5.99,ea(,19.32/pt),,
14759,"Spectrum High Heat Canola Spray Oil, Refined (for High Heat)","Spectrum High Heat Canola Spray Oil, Refined (for High Heat)",gro_oil,pantry,16oz,"		$7.99/ea($7.99/pt)",7.99,ea(,7.99/pt),,
14760,"Spectrum Organic Coconut Oil, Unrefined - For Hair & Body","Spectrum Organic Coconut Oil, Unrefined - For Hair & Body",gro_oil,pantry,15oz,"		$7.19/ea($0.48/oz)",7.19,ea(,0.48/oz),,
14761,"Spectrum Organic High Heat Sunflower Oil, Refined","Spectrum Organic High Heat Sunflower Oil, Refined",gro_oil,pantry,32oz,"		$11.99/ea($6.00/pt)",11.99,ea(,6.00/pt),,
14762,"Spectrum Organic Toasted Sesame Oil, Unrefined, For Medium Heat","Spectrum Organic Toasted Sesame Oil, Unrefined, For Medium Heat",gro_oil,pantry,8oz,"		$5.99/ea($11.98/pt)",5.99,ea(,11.98/pt),,
14763,"Spectrum Organic Unpasteurized Apple Cider Vinegar, Unfiltered","Spectrum Organic Unpasteurized Apple Cider Vinegar, Unfiltered",gro_oil,pantry,32oz,"		$4.99/ea($2.50/pt)",4.99,ea(,2.50/pt),,
14764,"Spectrum Organic Virgin Coconut Oil, Unrefined, For Medium Heat","Spectrum Organic Virgin Coconut Oil, Unrefined, For Medium Heat",gro_oil,pantry,29oz,"		$14.99/ea($8.28/pt)",14.99,ea(,8.28/pt),,
14765,Wesson Vegetable Oil,Wesson Vegetable Oil,gro_oil,pantry,48oz,"		$4.99/ea($1.66/pt)",4.99,ea(,1.66/pt),,
14783,Lucini Italia Pinot Noir Italian Wine Vinegar,Lucini Italia Pinot Noir Italian Wine Vinegar,gro_oil,pantry,8.5oz,"		$9.99/ea($18.85/pt)",9.99,ea(,18.85/pt),,
14789,"Spectrum Avocado Oil, Refined, For High Heat","Spectrum Avocado Oil, Refined, For High Heat",gro_oil,pantry,8oz,"		$9.99/ea($19.98/pt)",9.99,ea(,19.98/pt),,
14790,"Spectrum Organic High Heat Sunflower Spray Oil, Non-Stick Cooking, Refined","Spectrum Organic High Heat Sunflower Spray Oil, Non-Stick Cooking, Refined",gro_oil,pantry,5oz,"		$7.99/ea($25.77/pt)",7.99,ea(,25.77/pt),,
14791,"Spectrum Peanut Oil, Unrefined (for Medium High Heat)","Spectrum Peanut Oil, Unrefined (for Medium High Heat)",gro_oil,pantry,16oz,"		$6.49/ea($6.49/pt)",6.49,ea(,6.49/pt),,
14792,Wesson 100% Natural Canola Oil,Wesson 100% Natural Canola Oil,gro_oil,pantry,64oz,"		$8.99/ea($2.25/pt)",8.99,ea(,2.25/pt),,
14793,Wesson Vegetable Oil,Wesson Vegetable Oil,gro_oil,pantry,24oz,"		$0.00/null($0.00/pt)",0,null(,0.00/pt),,
14794,Roland Marsala Cooking Wine,Roland Marsala Cooking Wine,gro_oil,pantry,12.9oz,"		$0.00/null($0.00/pt)",0,null(,0.00/pt),,
14799,Copper River Seafoods Wild Alaskan Sockeye Salmon Fillet,Copper River Seafoods Wild Alaskan Sockeye Salmon Fillet,sea_sale,shop,NA," 	$15.99/lb $23.99Save 32%",15.99,lb ,23.99Save 32%,,
14810,Meadows and More Wild Lambsquarters,Meadows and More Wild Lambsquarters,veg_wild_foraged,vegetables,5oz,"		$5.99/ea",5.99,ea,,,
14811,Meadows and More Wild Mugwort,Meadows and More Wild Mugwort,veg_wild_foraged,vegetables,5oz,"		$5.99/eaSave! 2 for $11.00",5.99,eaSave! 2 for ,11,,
14812,Meadows and More Wild Tasting of the Week,Meadows and More Wild Tasting of the Week,veg_wild_foraged,vegetables,1oz,"		$0.00/null",0,null,,,
14815,Copper River Seafoods Wild Alaskan King Salmon Fillet,Copper River Seafoods Wild Alaskan King Salmon Fillet,sea_salm,seafood,NA,"		$0.00/null",0,null,,,
14824,"True North Farm-Raised Atlantic Salmon on a Cedar Plank, Double Fillet","True North Farm-Raised Atlantic Salmon on a Cedar Plank, Double Fillet",sea_salm,seafood,14oz,"		$14.99/ea",14.99,ea,,,
14829,Organic Farm-Raised Salmon Fillet Family Pack,Organic Farm-Raised Salmon Fillet Family Pack,sea_salm,seafood,4pk (8-10oz ea),"		$17.99/lb",17.99,lb,,,
14838,Vita Coco Pure Coconut Water,Vita Coco Pure Coconut Water,bev_kos,shop,1 liter,"		$5.19/ea($2.46/pt)",5.19,ea(,2.46/pt),,
14848,Vita Coco Pure Coconut Water,Vita Coco Pure Coconut Water,bev_kos,shop,330ml,"		$1.99/ea($2.84/pt)",1.99,ea(,2.84/pt),,
14849,Vita Coco Pure Coconut Water,Vita Coco Pure Coconut Water,bev_kos,shop,500ml,"		$2.99/ea($2.82/pt)",2.99,ea(,2.82/pt),,
14852,Kedem Light Grape Juice Beverage,Kedem Light Grape Juice Beverage,bev_kos,shop,64oz,"		$6.49/ea($1.62/pt)",6.49,ea(,1.62/pt),,
14856,Vita Coco Pure Coconut Water with Peach & Mango,Vita Coco Pure Coconut Water with Peach & Mango,bev_kos,shop,330ml,"		$1.99/ea($2.84/pt)",1.99,ea(,2.84/pt),,
14858,Vita Coco Pure Coconut Water with Pineapple,Vita Coco Pure Coconut Water with Pineapple,bev_kos,shop,330ml,"		$1.99/ea($2.84/pt)",1.99,ea(,2.84/pt),,
14864,Kedem Sparkling Concord Grape Juice,Kedem Sparkling Concord Grape Juice,bev_kos,shop,25.4oz,"		$0.00/null($0.00/pt)",0,null(,0.00/pt),,
14867,Mini Seedless Cucumber Pack,Mini Seedless Cucumber Pack,cuc,vegetables,16oz,"		$3.99/ea",3.99,ea,,,
14868,"Green Cucumber, Medium","Green Cucumber, Medium",cuc,vegetables,(about 7oz ea),"		$0.99/eaSave! 2 for $1.50",0.99,eaSave! 2 for ,1.5,,
14871,"Kirby Cucumber, Medium","Kirby Cucumber, Medium",cuc,vegetables,NA,"		$1.99/lb",1.99,lb,,,
14873,Live Wild Lobster,Live Wild Lobster,slbsr,seafood,1.4-1.6lbs,"		$14.99/lb",14.99,lb,,,
14876,Live Wild Lobster,Live Wild Lobster,slbsr,seafood,1.1-1.3lbs," 	$0.00/null $12.99",0,null ,12.99,,
14902,Fresh Cubed Mango,Fresh Cubed Mango,cut_fruit,fruit,1.5lb,"		$9.99/ea",9.99,ea,,,
14929,"Perdue Fun Shapes Chicken Breast Nuggets, Dinosaur Shapes","Perdue Fun Shapes Chicken Breast Nuggets, Dinosaur Shapes",dai_prepa,dairy,12oz," 	$2.29/ea $3.99Any 2 Varieties for $4.00($3.05/lb)Mix'n'Match",2.29,ea ,3.99Any 2 Varieties for 4.00(3.05/lb)Mix'n'Match,4.00(,3.05/lb)Mix'n'Match
14930,Perdue Original Chicken Breast Nuggets,Perdue Original Chicken Breast Nuggets,dai_prepa,dairy,12oz," 	$2.29/ea $3.99Any 2 Varieties for $4.00($3.05/lb)Mix'n'Match",2.29,ea ,3.99Any 2 Varieties for 4.00(3.05/lb)Mix'n'Match,4.00(,3.05/lb)Mix'n'Match
14999,FreshDirect Oregano-Lime Chicken (Raised without Antibiotics),FreshDirect Oregano-Lime Chicken (Raised without Antibiotics),dai_prepa,dairy,14oz,"		$9.99/ea($11.35/lb)",9.99,ea(,11.35/lb),,
15000,FreshDirect Stewed Chicken Breast (Raised without Antibiotics),FreshDirect Stewed Chicken Breast (Raised without Antibiotics),dai_prepa,dairy,NA,"		$9.99/ea($11.35/lb)",9.99,ea(,11.35/lb),,
15001,Perdue Baked Breaded Whole Grain Chicken Breast Strips,Perdue Baked Breaded Whole Grain Chicken Breast Strips,dai_prepa,dairy,12oz," 	$2.49/ea $4.99Any 2 Varieties for $4.00($3.32/lb)Mix'n'Match",2.49,ea ,4.99Any 2 Varieties for 4.00(3.32/lb)Mix'n'Match,4.00(,3.32/lb)Mix'n'Match
15003,Perdue Short Cuts Original Roasted Carved Chicken Breast,Perdue Short Cuts Original Roasted Carved Chicken Breast,dai_prepa,dairy,9oz,"		$5.69/ea($10.16/lb)",5.69,ea(,10.16/lb),,
15005,Perdue Chicken Breast Cutlets,Perdue Chicken Breast Cutlets,dai_prepa,dairy,12oz," 	$2.29/ea $3.99Any 2 Varieties for $4.00($3.05/lb)Mix'n'Match",2.29,ea ,3.99Any 2 Varieties for 4.00(3.05/lb)Mix'n'Match,4.00(,3.05/lb)Mix'n'Match
15006,"Perdue Short Cuts Carved Chicken Breast, Grilled","Perdue Short Cuts Carved Chicken Breast, Grilled",dai_prepa,dairy,9oz,"		$5.99/ea($10.70/lb)",5.99,ea(,10.70/lb),,
15007,Perdue Whole Grain Chicken Breast Nuggets,Perdue Whole Grain Chicken Breast Nuggets,dai_prepa,dairy,12oz," 	$0.00/null $4.99Any 2 Varieties for $4.00($0.00/lb)Mix'n'Match",0,null ,4.99Any 2 Varieties for 4.00(0.00/lb)Mix'n'Match,4.00(,0.00/lb)Mix'n'Match
15021,Sides in a Snap Cauliflower Florets w/ Lemon-Caper Vinaigrette,Sides in a Snap Cauliflower Florets w/ Lemon-Caper Vinaigrette,hmr_vegside,meals,9.3oz,"		$5.49/ea($9.47/lb)",5.49,ea(,9.47/lb),,
15024,Sides in a Snap Steamed Tuscan Kale with Garlic (Made with Organic Kale),Sides in a Snap Steamed Tuscan Kale with Garlic (Made with Organic Kale),hmr_vegside,meals,8oz,"		$5.99/ea($11.98/lb)",5.99,ea(,11.98/lb),,
15030,Sides in a Snap Grilled Asparagus,Sides in a Snap Grilled Asparagus,hmr_vegside,meals,10oz,"		$6.99/ea($11.10/lb)",6.99,ea(,11.10/lb),,
15031,Sides in a Snap Roasted Brussels Sprouts,Sides in a Snap Roasted Brussels Sprouts,hmr_vegside,meals,12oz,"		$6.99/ea($9.32/lb)",6.99,ea(,9.32/lb),,
15032,Sides in a Snap Garlic-Chili Broccoli Rabe,Sides in a Snap Garlic-Chili Broccoli Rabe,hmr_vegside,meals,10oz,"		$0.00/null($0.00/lb)",0,null(,0.00/lb),,
15035,Brussels Sprouts & Pearl Onions w/ Herb Butter,Brussels Sprouts & Pearl Onions w/ Herb Butter,hmr_vegside,meals,1lb,"		$9.99/ea($9.99/lb)",9.99,ea(,9.99/lb),,
15038,FreshDirect Roasted Brussels Sprouts,FreshDirect Roasted Brussels Sprouts,hmr_vegside,meals,24oz,"		$12.99/ea($8.66/lb)",12.99,ea(,8.66/lb),,
15039,Sautéed Spinach w/ Garlic,Sautéed Spinach w/ Garlic,hmr_vegside,meals,1.25lbs,"		$11.99/ea($9.59/lb)",11.99,ea(,9.59/lb),,
15040,"Cauliflower Florets w/ Lemon-Caper Vinaigrette, Family Size","Cauliflower Florets w/ Lemon-Caper Vinaigrette, Family Size",hmr_vegside,meals,17oz,"		$0.00/null($0.00/lb)",0,null(,0.00/lb),,
15055,Asparagus,Asparagus,veg_sale,shop,approx 1lb,"		$4.99/eaSave! 2 for $9.00",4.99,eaSave! 2 for ,9,,
15063,Earthbound Farm Organic Baby Spinach,Earthbound Farm Organic Baby Spinach,veg_sale,shop,5oz,"		$3.99/5ozAny 2 select 5oz salads for $7.00Mix'n'Match",3.99,5ozAny 2 select 5oz salads for ,7.00Mix'n'Match,,
15079,Earthbound Farm Organic Half Spring Mix & Half Baby Spinach,Earthbound Farm Organic Half Spring Mix & Half Baby Spinach,veg_sale,shop,5oz,"		$3.99/5ozAny 2 select 5oz salads for $7.00Mix'n'Match",3.99,5ozAny 2 select 5oz salads for ,7.00Mix'n'Match,,
15080,Earthbound Farm Organic Kale,Earthbound Farm Organic Kale,veg_sale,shop,5oz,"		$3.99/5ozAny 2 Earthbound Power Greens for $7.00Mix'n'Match",3.99,5ozAny 2 Earthbound Power Greens for ,7.00Mix'n'Match,,
15089,Mini Sweet Mixed Peppers,Mini Sweet Mixed Peppers,veg_sale,shop,1lb,"		$3.99/eaSave! 2 for $7.00",3.99,eaSave! 2 for ,7,,
15094,Earthbound Farm Organic Baby Arugula Salad,Earthbound Farm Organic Baby Arugula Salad,veg_sale,shop,5oz,"		$3.99/5ozAny 2 select 5oz salads for $7.00Mix'n'Match",3.99,5ozAny 2 select 5oz salads for ,7.00Mix'n'Match,,
15101,"Ocean Mist Farms Artichoke, Medium","Ocean Mist Farms Artichoke, Medium",veg_sale,shop,34oz,"		$3.49/eaSave! 2 for $6.00",3.49,eaSave! 2 for ,6,,
15106,Earthbound Farm Organic Baby Arugula Blend,Earthbound Farm Organic Baby Arugula Blend,veg_sale,shop,5oz,"		$3.99/5ozAny 2 select 5oz salads for $7.00Mix'n'Match",3.99,5ozAny 2 select 5oz salads for ,7.00Mix'n'Match,,
15120,Earthbound Farm Organic Baby Romaine Salad,Earthbound Farm Organic Baby Romaine Salad,veg_sale,shop,5oz,"		$3.99/5ozAny 2 select 5oz salads for $7.00Mix'n'Match",3.99,5ozAny 2 select 5oz salads for ,7.00Mix'n'Match,,
15121,Earthbound Farm Organic Baby Spinach Blend,Earthbound Farm Organic Baby Spinach Blend,veg_sale,shop,5oz,"		$3.99/5ozAny 2 select 5oz salads for $7.00Mix'n'Match",3.99,5ozAny 2 select 5oz salads for ,7.00Mix'n'Match,,
15122,Earthbound Farm Organic Herb Salad,Earthbound Farm Organic Herb Salad,veg_sale,shop,5oz,"		$3.99/5ozAny 2 select 5oz salads for $7.00Mix'n'Match",3.99,5ozAny 2 select 5oz salads for ,7.00Mix'n'Match,,
15123,Earthbound Farm Organic Power Blend,Earthbound Farm Organic Power Blend,veg_sale,shop,5oz,"		$3.99/5ozAny 2 Earthbound Power Greens for $7.00Mix'n'Match",3.99,5ozAny 2 Earthbound Power Greens for ,7.00Mix'n'Match,,
15130,Satur Farms Cut Mixed Kale,Satur Farms Cut Mixed Kale,veg_sale,shop,5oz,"		$3.49/eaAny 2 select Satur varieties for $6.00Mix'n'Match",3.49,eaAny 2 select Satur varieties for ,6.00Mix'n'Match,,
15138,"Boston Lettuce, Hydroponic","Boston Lettuce, Hydroponic",veg_sale,shop,NA,"		$2.99/eaSave! 2 for $5.00",2.99,eaSave! 2 for ,5,,
15144,Earthbound Farm Organic Kale Italia,Earthbound Farm Organic Kale Italia,veg_sale,shop,5oz,"		$3.99/eaAny 2 Earthbound Power Greens for $7.00Mix'n'Match",3.99,eaAny 2 Earthbound Power Greens for ,7.00Mix'n'Match,,
15166,Earthbound Farm Organic Half & Half Baby Spinach Baby Arugula,Earthbound Farm Organic Half & Half Baby Spinach Baby Arugula,veg_sale,shop,5oz,"		$3.99/eaAny 2 select 5oz salads for $7.00Mix'n'Match",3.99,eaAny 2 select 5oz salads for ,7.00Mix'n'Match,,
15185,Ocean Mist Farms Long-Stem Artichoke,Ocean Mist Farms Long-Stem Artichoke,veg_sale,shop,NA," 	$2.29/lb $4.49Save 48%",2.29,lb ,4.49Save 48%,,
15206,Astica Malbec,Astica Malbec,vin_type_reds,wine,750ml,"		$7.99/ea($10.65/l)",7.99,ea(,10.65/l),,
15207,Trapiche Malbec,Trapiche Malbec,vin_type_reds,wine,750ml,"		$8.99/ea($11.99/l)",8.99,ea(,11.99/l),,
15210,Alamos Malbec,Alamos Malbec,vin_type_reds,wine,750ml,"		$10.99/ea($14.65/l)",10.99,ea(,14.65/l),,
15211,Altos Las Hormigas Malbec,Altos Las Hormigas Malbec,vin_type_reds,wine,750ml,"		$12.99/ea($17.32/l)",12.99,ea(,17.32/l),,
15215,Alias Cabernet Sauvignon ,Alias Cabernet Sauvignon ,vin_type_reds,wine,750ml,"		$8.99/ea($11.99/l)",8.99,ea(,11.99/l),,
15219,Astica Malbec,Astica Malbec,vin_type_reds,wine,1.5L,"		$12.99/ea($8.66/l)",12.99,ea(,8.66/l),,
15220,Beringer Founder's Estate Cabernet Sauvignon,Beringer Founder's Estate Cabernet Sauvignon,vin_type_reds,wine,750ml,"		$10.99/ea($14.65/l)",10.99,ea(,14.65/l),,
15221,Bodegas Finca Luzon Verde,Bodegas Finca Luzon Verde,vin_type_reds,wine,750ml,"		$10.99/ea($14.65/l)",10.99,ea(,14.65/l),,
15222,Boekenhoutskloof The Wolftrap,Boekenhoutskloof The Wolftrap,vin_type_reds,wine,750ml,"		$11.99/ea($15.99/l)",11.99,ea(,15.99/l),,
15223,Bogle Merlot,Bogle Merlot,vin_type_reds,wine,750ml," 	$10.49/ea $11.99Save 12%($13.99/l)",10.49,ea ,11.99Save 12%(13.99/l),13.99/l),
15224,Bogle Petite Sirah,Bogle Petite Sirah,vin_type_reds,wine,750ml,"		$13.99/ea($18.65/l)",13.99,ea(,18.65/l),,
15225,Chalone Vineyard Pinot Noir Monterey,Chalone Vineyard Pinot Noir Monterey,vin_type_reds,wine,750ml,"		$16.99/ea($22.65/l)",16.99,ea(,22.65/l),,
15227,Frontera Cabernet Sauvignon,Frontera Cabernet Sauvignon,vin_type_reds,wine,750ml,"		$6.99/ea($9.32/l)",6.99,ea(,9.32/l),,
15228,Joel Gott Cabernet Sauvignon 815,Joel Gott Cabernet Sauvignon 815,vin_type_reds,wine,750ml,"		$16.99/ea($22.65/l)",16.99,ea(,22.65/l),,
15229,La Vieille Ferme Red,La Vieille Ferme Red,vin_type_reds,wine,750ml,"		$9.99/ea($13.32/l)",9.99,ea(,13.32/l),,
15230,Los Vascos Cabernet Sauvignon,Los Vascos Cabernet Sauvignon,vin_type_reds,wine,750ml," 	$10.49/ea $11.99Save 12%($13.99/l)",10.49,ea ,11.99Save 12%(13.99/l),13.99/l),
15231,Santa Carolina Pinot Noir Reserva ,Santa Carolina Pinot Noir Reserva ,vin_type_reds,wine,750ml,"		$9.99/ea($13.32/l)",9.99,ea(,13.32/l),,
15232,Three Thieves Bandit Merlot,Three Thieves Bandit Merlot,vin_type_reds,wine,1L,"		$9.99/ea($9.99/l)",9.99,ea(,9.99/l),,
15234,Trapiche Pinot Noir,Trapiche Pinot Noir,vin_type_reds,wine,750ml,"		$8.99/ea($11.99/l)",8.99,ea(,11.99/l),,
15235,Twisted Old Vine Zinfandel,Twisted Old Vine Zinfandel,vin_type_reds,wine,750ml,"		$7.99/ea($10.65/l)",7.99,ea(,10.65/l),,
15236,Zaccagnini Montepulciano d'Abruzzo,Zaccagnini Montepulciano d'Abruzzo,vin_type_reds,wine,750ml,"		$15.99/ea($21.32/l)",15.99,ea(,21.32/l),,
15237,75 Wine Company Cabernet Sauvignon,75 Wine Company Cabernet Sauvignon,vin_type_reds,wine,750ml,"		$21.99/ea($29.32/l)",21.99,ea(,29.32/l),,
15240,Allegrini Palazzo della Torre ,Allegrini Palazzo della Torre ,vin_type_reds,wine,750ml,"		$21.99/ea($29.32/l)",21.99,ea(,29.32/l),,
15241,Allegrini Valpolicella,Allegrini Valpolicella,vin_type_reds,wine,750ml,"		$18.99/ea($25.32/l)",18.99,ea(,25.32/l),,
15242,Altas Cumbres Malbec,Altas Cumbres Malbec,vin_type_reds,wine,750ml,"		$11.99/ea($15.99/l)",11.99,ea(,15.99/l),,
15243,Amalaya Malbec Blend,Amalaya Malbec Blend,vin_type_reds,wine,750ml,"		$12.99/ea($17.32/l)",12.99,ea(,17.32/l),,
15244,Antinori Solaia Super Tuscan ,Antinori Solaia Super Tuscan ,vin_type_reds,wine,750ml,"		$279.99/ea($373.32/l)",279.99,ea(,373.32/l),,
15245,Antinori Tignanello Super Tuscan,Antinori Tignanello Super Tuscan,vin_type_reds,wine,750ml,"		$99.99/ea($133.32/l)",99.99,ea(,133.32/l),,
15246,Aramis Tannat Syrah,Aramis Tannat Syrah,vin_type_reds,wine,750ml,"		$11.99/ea($15.99/l)",11.99,ea(,15.99/l),,
15247,Aruma Malbec,Aruma Malbec,vin_type_reds,wine,750ml,"		$14.99/ea($19.99/l)",14.99,ea(,19.99/l),,
15249,Badia a Coltibuono Selezione Robert Stucchi Chianti Classico,Badia a Coltibuono Selezione Robert Stucchi Chianti Classico,vin_type_reds,wine,750ml,"		$18.99/ea($25.32/l)",18.99,ea(,25.32/l),,
15252,Barone Cornacchia Montepulciano d' Abruzzo    ,Barone Cornacchia Montepulciano d' Abruzzo    ,vin_type_reds,wine,750ml,"		$12.99/ea($17.32/l)",12.99,ea(,17.32/l),,
15253,Bartenura Rosso Toscano,Bartenura Rosso Toscano,vin_type_reds,wine,750ml,"		$8.99/ea($11.99/l)",8.99,ea(,11.99/l),,
15256,Bodega Catena Zapata Malbec,Bodega Catena Zapata Malbec,vin_type_reds,wine,750ml,"		$22.99/ea($30.65/l)",22.99,ea(,30.65/l),,
15257,Bolla Valpolicella,Bolla Valpolicella,vin_type_reds,wine,750ml,"		$9.99/ea($13.32/l)",9.99,ea(,13.32/l),,
15258,Bonterra Cabernet Sauvignon,Bonterra Cabernet Sauvignon,vin_type_reds,wine,750ml,"		$13.99/ea($18.65/l)",13.99,ea(,18.65/l),,
15259,Ca' Del Monte Amarone della Valpolicella,Ca' Del Monte Amarone della Valpolicella,vin_type_reds,wine,750ml,"		$49.99/ea($66.65/l)",49.99,ea(,66.65/l),,
15260,Cannonball Cabernet Sauvignon,Cannonball Cabernet Sauvignon,vin_type_reds,wine,750ml,"		$14.99/ea($19.99/l)",14.99,ea(,19.99/l),,
15261,Cantaluna Carmenère,Cantaluna Carmenère,vin_type_reds,wine,750ml,"		$9.99/ea($13.32/l)",9.99,ea(,13.32/l),,
15263,Carletto Montepulciano D'Abruzzo,Carletto Montepulciano D'Abruzzo,vin_type_reds,wine,750ml,"		$9.99/ea($13.32/l)",9.99,ea(,13.32/l),,
15264,Carpineto Dogajolo Super Tuscan ,Carpineto Dogajolo Super Tuscan ,vin_type_reds,wine,750ml,"		$11.99/ea($15.99/l)",11.99,ea(,15.99/l),,
15265,Castello Banfi Brunello di Montalcino DOCG,Castello Banfi Brunello di Montalcino DOCG,vin_type_reds,wine,750ml,"		$59.99/ea($79.99/l)",59.99,ea(,79.99/l),,
15266,Castello di Nipozzano Chianti Rufina Riserva,Castello di Nipozzano Chianti Rufina Riserva,vin_type_reds,wine,750ml,"		$21.99/ea($29.32/l)",21.99,ea(,29.32/l),,
15267,Castello di Poppiano Il Cortile Chianti Colli Fiorentini,Castello di Poppiano Il Cortile Chianti Colli Fiorentini,vin_type_reds,wine,750ml,"		$19.99/ea($26.65/l)",19.99,ea(,26.65/l),,
15269,Ceretto Barolo,Ceretto Barolo,vin_type_reds,wine,750ml,"		$49.99/ea($66.65/l)",49.99,ea(,66.65/l),,
15271,Château les Reuilles Rouge Bordeaux,Château les Reuilles Rouge Bordeaux,vin_type_reds,wine,750ml,"		$11.99/ea($15.99/l)",11.99,ea(,15.99/l),,
15272,Château Loumelat Bordeaux Cuvèe J.J. Lesgourgues,Château Loumelat Bordeaux Cuvèe J.J. Lesgourgues,vin_type_reds,wine,750ml,"		$15.99/ea($21.32/l)",15.99,ea(,21.32/l),,
15273,"Château Maris Natural Selection Syrah, Cru La Liviniere","Château Maris Natural Selection Syrah, Cru La Liviniere",vin_type_reds,wine,750ml,"		$17.99/ea($23.99/l)",17.99,ea(,23.99/l),,
15274,Chanson Le Bourgogne Pinot Noir,Chanson Le Bourgogne Pinot Noir,vin_type_reds,wine,750ml,"		$19.99/ea($26.65/l)",19.99,ea(,26.65/l),,
15275,Chateau Moulin de la Roquille Côtes de Bordeaux Cuvée L'esperance,Chateau Moulin de la Roquille Côtes de Bordeaux Cuvée L'esperance,vin_type_reds,wine,750ml,"		$14.99/ea($19.99/l)",14.99,ea(,19.99/l),,
15277,Chateau St. Jean California Merlot ,Chateau St. Jean California Merlot ,vin_type_reds,wine,750ml,"		$14.99/ea($19.99/l)",14.99,ea(,19.99/l),,
15278,Château Caronne St.-Gemme Haut-Medoc,Château Caronne St.-Gemme Haut-Medoc,vin_type_reds,wine,750ml,"		$24.99/ea($33.32/l)",24.99,ea(,33.32/l),,
15279,Château le Pavillon de Boyrein,Château le Pavillon de Boyrein,vin_type_reds,wine,750ml,"		$19.99/ea($26.65/l)",19.99,ea(,26.65/l),,
15280,Ciacci Piccolomini Brunello di Montalcino ,Ciacci Piccolomini Brunello di Montalcino ,vin_type_reds,wine,750ml,"		$49.99/ea($66.65/l)",49.99,ea(,66.65/l),,
15281,Ciacci Piccolomini Rosso di Montalcino ,Ciacci Piccolomini Rosso di Montalcino ,vin_type_reds,wine,750ml,"		$22.99/ea($30.65/l)",22.99,ea(,30.65/l),,
15282,Ciacci Piccolomini Toscana Rosso IGT ,Ciacci Piccolomini Toscana Rosso IGT ,vin_type_reds,wine,750ml,"		$14.99/ea($19.99/l)",14.99,ea(,19.99/l),,
15284,Clos de los Siete Malbec Blend,Clos de los Siete Malbec Blend,vin_type_reds,wine,750ml,"		$18.99/ea($25.32/l)",18.99,ea(,25.32/l),,
15285,Clos du Val Cabernet Sauvignon (Half-bottle),Clos du Val Cabernet Sauvignon (Half-bottle),vin_type_reds,wine,375ml,"		$21.99/ea($58.64/l)",21.99,ea(,58.64/l),,
15287,Cloudline Oregon Pinot Noir,Cloudline Oregon Pinot Noir,vin_type_reds,wine,750ml,"		$19.99/ea($26.65/l)",19.99,ea(,26.65/l),,
15288,Concha y Toro Casillero del Diablo Cabernet Sauvignon,Concha y Toro Casillero del Diablo Cabernet Sauvignon,vin_type_reds,wine,750ml,"		$9.99/ea($13.32/l)",9.99,ea(,13.32/l),,
15289,Concha y Toro Casillero del Diablo Malbec,Concha y Toro Casillero del Diablo Malbec,vin_type_reds,wine,750ml,"		$10.99/ea($14.65/l)",10.99,ea(,14.65/l),,
15291,Corvo Nero d'Avola,Corvo Nero d'Avola,vin_type_reds,wine,750ml,"		$10.99/ea($14.65/l)",10.99,ea(,14.65/l),,
15292,Cune Laguardia de Viña Real Rioja Crianza,Cune Laguardia de Viña Real Rioja Crianza,vin_type_reds,wine,750ml,"		$12.99/ea($17.32/l)",12.99,ea(,17.32/l),,
15293,Cupcake Red Velvet,Cupcake Red Velvet,vin_type_reds,wine,750ml,"		$10.99/ea($14.65/l)",10.99,ea(,14.65/l),,
15294,Delas St. Esprit Côtes du Rhône Rouge,Delas St. Esprit Côtes du Rhône Rouge,vin_type_reds,wine,750ml,"		$12.99/ea($17.32/l)",12.99,ea(,17.32/l),,
15295,Dom. Rothschild (Lafite) Réserve Spéciale Bordeaux Rouge,Dom. Rothschild (Lafite) Réserve Spéciale Bordeaux Rouge,vin_type_reds,wine,750ml,"		$15.99/ea($21.32/l)",15.99,ea(,21.32/l),,
15297,Domaine Brusset Côtes-du-Rhône Laurent B.,Domaine Brusset Côtes-du-Rhône Laurent B.,vin_type_reds,wine,750ml,"		$16.99/ea($22.65/l)",16.99,ea(,22.65/l),,
15298,Domaine Brusset Gigondas Tradition Le Grand Montmirail,Domaine Brusset Gigondas Tradition Le Grand Montmirail,vin_type_reds,wine,750ml,"		$26.99/ea($35.99/l)",26.99,ea(,35.99/l),,
15299,Domaine La Croix Belle Merlot,Domaine La Croix Belle Merlot,vin_type_reds,wine,750ml,"		$11.99/ea($15.99/l)",11.99,ea(,15.99/l),,
15302,Edmeades Zinfandel Mendocino County,Edmeades Zinfandel Mendocino County,vin_type_reds,wine,750ml,"		$19.99/ea($26.65/l)",19.99,ea(,26.65/l),,
15303,El Coto Rioja Crianza,El Coto Rioja Crianza,vin_type_reds,wine,750ml,"		$13.99/ea($18.65/l)",13.99,ea(,18.65/l),,
15304,Emilio Moro Ribera del Duero,Emilio Moro Ribera del Duero,vin_type_reds,wine,750ml,"		$21.99/ea($29.32/l)",21.99,ea(,29.32/l),,
15305,Esporao Monte Velho Tinto,Esporao Monte Velho Tinto,vin_type_reds,wine,750ml,"		$9.99/ea($13.32/l)",9.99,ea(,13.32/l),,
15306,Etude Pinot Noir Carneros,Etude Pinot Noir Carneros,vin_type_reds,wine,750ml," 	$34.99/ea $39.99Save 12%($46.65/l)",34.99,ea ,39.99Save 12%(46.65/l),46.65/l),
15307,Faustino VII Rioja,Faustino VII Rioja,vin_type_reds,wine,750ml,"		$11.99/ea($15.99/l)",11.99,ea(,15.99/l),,
15309,Foris Oregon Pinot Noir,Foris Oregon Pinot Noir,vin_type_reds,wine,750ml,"		$19.99/ea($26.65/l)",19.99,ea(,26.65/l),,
15310,Gato Negro Malbec,Gato Negro Malbec,vin_type_reds,wine,750ml,"		$6.99/ea($9.32/l)",6.99,ea(,9.32/l),,
15311,Girard Petite Sirah,Girard Petite Sirah,vin_type_reds,wine,750ml,"		$29.99/ea($39.99/l)",29.99,ea(,39.99/l),,
15312,Gnarly Head Old Vine Zinfandel,Gnarly Head Old Vine Zinfandel,vin_type_reds,wine,750ml,"		$10.99/ea($14.65/l)",10.99,ea(,14.65/l),,
15313,Goats do Roam Red,Goats do Roam Red,vin_type_reds,wine,750ml,"		$9.99/ea($13.32/l)",9.99,ea(,13.32/l),,
15315,Gouleyant Cahors Malbec,Gouleyant Cahors Malbec,vin_type_reds,wine,750ml,"		$10.99/ea($14.65/l)",10.99,ea(,14.65/l),,
15316,Grapesmith & Crusher Cabernet Sauvignon,Grapesmith & Crusher Cabernet Sauvignon,vin_type_reds,wine,750ml,"		$14.99/ea($19.99/l)",14.99,ea(,19.99/l),,
15317,Grifone Sangiovese di Romagna Riserva,Grifone Sangiovese di Romagna Riserva,vin_type_reds,wine,750ml,"		$11.99/ea($15.99/l)",11.99,ea(,15.99/l),,
15318,Hahn Cabernet Sauvignon,Hahn Cabernet Sauvignon,vin_type_reds,wine,750ml,"		$13.99/ea($18.65/l)",13.99,ea(,18.65/l),,
15319,Heller Estate Cachagua Cabernet Sauvignon,Heller Estate Cachagua Cabernet Sauvignon,vin_type_reds,wine,750ml,"		$19.99/ea($26.65/l)",19.99,ea(,26.65/l),,
15320,Hess Select Cabernet Sauvignon,Hess Select Cabernet Sauvignon,vin_type_reds,wine,750ml,"		$17.99/ea($23.99/l)",17.99,ea(,23.99/l),,
15321,Ijalba Rioja Crianza,Ijalba Rioja Crianza,vin_type_reds,wine,750ml,"		$17.99/ea($23.99/l)",17.99,ea(,23.99/l),,
15322,Indaba Merlot,Indaba Merlot,vin_type_reds,wine,750ml,"		$9.99/ea($13.32/l)",9.99,ea(,13.32/l),,
15323,Indaba Mosaic,Indaba Mosaic,vin_type_reds,wine,750ml,"		$9.99/ea($13.32/l)",9.99,ea(,13.32/l),,
15324,J. Lohr Seven Oaks Cabernet Sauvignon,J. Lohr Seven Oaks Cabernet Sauvignon,vin_type_reds,wine,750ml,"		$16.99/ea($22.65/l)",16.99,ea(,22.65/l),,
15325,Jaboulet Parallèle 45 Côtes du Rhône,Jaboulet Parallèle 45 Côtes du Rhône,vin_type_reds,wine,750ml,"		$12.99/ea($17.32/l)",12.99,ea(,17.32/l),,
15326,Jaboulet Parallèle 45 Côtes du Rhone magnum,Jaboulet Parallèle 45 Côtes du Rhone magnum,vin_type_reds,wine,1.5L,"		$24.99/ea($16.66/l)",24.99,ea(,16.66/l),,
15328,Jam Jar Sweet Shiraz,Jam Jar Sweet Shiraz,vin_type_reds,wine,750ml,"		$9.99/ea($13.32/l)",9.99,ea(,13.32/l),,
15330,Jim Barry Lodge Hill Shiraz,Jim Barry Lodge Hill Shiraz,vin_type_reds,wine,750ml,"		$19.99/ea($26.65/l)",19.99,ea(,26.65/l),,
15331,Joel Gott Zinfandel,Joel Gott Zinfandel,vin_type_reds,wine,750ml,"		$16.99/ea($22.65/l)",16.99,ea(,22.65/l),,
15332,Jordan Cabernet Sauvignon Alexander Valley,Jordan Cabernet Sauvignon Alexander Valley,vin_type_reds,wine,750ml,"		$59.99/ea($79.99/l)",59.99,ea(,79.99/l),,
15333,Jose Maria de Fonseca Periquita,Jose Maria de Fonseca Periquita,vin_type_reds,wine,750ml,"		$9.99/ea($13.32/l)",9.99,ea(,13.32/l),,
15334,Juan Gil Monastrell Silver Label ,Juan Gil Monastrell Silver Label ,vin_type_reds,wine,750ml,"		$15.99/ea($21.32/l)",15.99,ea(,21.32/l),,
15335,Justin Cabernet Sauvignon,Justin Cabernet Sauvignon,vin_type_reds,wine,750ml,"		$24.99/ea($33.32/l)",24.99,ea(,33.32/l),,
15336,Kanonkop Kadette,Kanonkop Kadette,vin_type_reds,wine,750ml,"		$11.99/ea($15.99/l)",11.99,ea(,15.99/l),,
15337,Ken Forrester Petit Pinotage,Ken Forrester Petit Pinotage,vin_type_reds,wine,750ml,"		$12.99/ea($17.32/l)",12.99,ea(,17.32/l),,
15338,Layer Cake Malbec ,Layer Cake Malbec ,vin_type_reds,wine,750ml,"		$15.99/ea($21.32/l)",15.99,ea(,21.32/l),,
15339,Layer Cake Pinot Noir,Layer Cake Pinot Noir,vin_type_reds,wine,750ml,"		$15.99/ea($21.32/l)",15.99,ea(,21.32/l),,
15340,Layer Cake Primitivo,Layer Cake Primitivo,vin_type_reds,wine,750ml,"		$15.99/ea($21.32/l)",15.99,ea(,21.32/l),,
15341,Le Prince du Logis Chateauneuf-du-Pape Reserve Vieilles Vignes,Le Prince du Logis Chateauneuf-du-Pape Reserve Vieilles Vignes,vin_type_reds,wine,750ml,"		$24.99/ea($33.32/l)",24.99,ea(,33.32/l),,
15342,Le Seuil de Mazeyres Pomerol,Le Seuil de Mazeyres Pomerol,vin_type_reds,wine,750ml," 	$26.99/ea $29.99Save 10%",26.99,ea ,29.99Save 10%,,
15344,Los Vascos Grande Reserve Cabernet Sauvignon,Los Vascos Grande Reserve Cabernet Sauvignon,vin_type_reds,wine,750ml,"		$19.99/ea($26.65/l)",19.99,ea(,26.65/l),,
15345,Louis Jadot Beaujolais-Villages,Louis Jadot Beaujolais-Villages,vin_type_reds,wine,750ml,"		$12.99/ea($17.32/l)",12.99,ea(,17.32/l),,
15346,Louis Martini Sonoma County Cabernet Sauvignon,Louis Martini Sonoma County Cabernet Sauvignon,vin_type_reds,wine,750ml,"		$17.99/ea($23.99/l)",17.99,ea(,23.99/l),,
15348,Man Vintners Cabernet Sauvignon,Man Vintners Cabernet Sauvignon,vin_type_reds,wine,750ml,"		$9.99/ea($13.32/l)",9.99,ea(,13.32/l),,
15350,Marqués de Cáceres Rioja Crianza,Marqués de Cáceres Rioja Crianza,vin_type_reds,wine,750ml,"		$11.99/ea($15.99/l)",11.99,ea(,15.99/l),,
15351,"Massi di Mandorlaia ""I Massi"" Morellino di Scansano DOC","Massi di Mandorlaia ""I Massi"" Morellino di Scansano DOC",vin_type_reds,wine,750ml,"		$29.99/ea($39.99/l)",29.99,ea(,39.99/l),,
15352,Melini Chianti Riserva   ,Melini Chianti Riserva   ,vin_type_reds,wine,750ml,"		$10.99/ea($14.65/l)",10.99,ea(,14.65/l),,
15353,Menage à Trois Red ,Menage à Trois Red ,vin_type_reds,wine,750ml,"		$11.99/ea($15.99/l)",11.99,ea(,15.99/l),,
15354,Michael-David Vineyards Zinfandel 7 Deadly Zins,Michael-David Vineyards Zinfandel 7 Deadly Zins,vin_type_reds,wine,750ml,"		$19.99/ea($26.65/l)",19.99,ea(,26.65/l),,
15355,Montes Pinot Noir,Montes Pinot Noir,vin_type_reds,wine,750ml,"		$16.99/ea($22.65/l)",16.99,ea(,22.65/l),,
15356,Montgras Reserva Carmenère,Montgras Reserva Carmenère,vin_type_reds,wine,750ml,"		$13.99/ea($18.65/l)",13.99,ea(,18.65/l),,
15358,Moulin de Duhart Pauillac,Moulin de Duhart Pauillac,vin_type_reds,wine,750ml,"		$59.99/ea($79.99/l)",59.99,ea(,79.99/l),,
15359,Norton Reserva Malbec,Norton Reserva Malbec,vin_type_reds,wine,750ml,"		$19.99/ea($26.65/l)",19.99,ea(,26.65/l),,
15360,O.Fournier Urban Ribera Roble Red Wine,O.Fournier Urban Ribera Roble Red Wine,vin_type_reds,wine,750ml,"		$13.99/ea($18.65/l)",13.99,ea(,18.65/l),,
15362,Orleans Hills Lodi Syrah,Orleans Hills Lodi Syrah,vin_type_reds,wine,750ml,"		$14.99/ea($19.99/l)",14.99,ea(,19.99/l),,
15363,Palacios Remondo La Vendimia Rioja,Palacios Remondo La Vendimia Rioja,vin_type_reds,wine,750ml,"		$18.99/ea($25.32/l)",18.99,ea(,25.32/l),,
15365,Penfolds Koonunga Hills Shiraz-Cabernet,Penfolds Koonunga Hills Shiraz-Cabernet,vin_type_reds,wine,750ml," 	$9.99/ea $11.99Save 16%($13.32/l)",9.99,ea ,11.99Save 16%(13.32/l),13.32/l),
15366,Pio Cesare Barbera d'Alba,Pio Cesare Barbera d'Alba,vin_type_reds,wine,750ml,"		$19.99/ea($26.65/l)",19.99,ea(,26.65/l),,
15367,Potel-Aviron Beaujolais-Villages,Potel-Aviron Beaujolais-Villages,vin_type_reds,wine,750ml,"		$14.99/ea($19.99/l)",14.99,ea(,19.99/l),,
15368,Prunotto Barbaresco DOCG,Prunotto Barbaresco DOCG,vin_type_reds,wine,750ml,"		$44.99/ea($59.99/l)",44.99,ea(,59.99/l),,
15369,Public House Cabernet Sauvignon,Public House Cabernet Sauvignon,vin_type_reds,wine,3L (3000ml),"		$29.99/ea($10.00/l)",29.99,ea(,10.00/l),,
15370,Qupé Syrah,Qupé Syrah,vin_type_reds,wine,750ml,"		$18.99/ea($25.32/l)",18.99,ea(,25.32/l),,
15373,Renato Ratti Barbera d'Alba Torriglione,Renato Ratti Barbera d'Alba Torriglione,vin_type_reds,wine,750ml,"		$19.99/ea",19.99,ea,,,
15374,Renato Ratti Nebbiolo d'Alba Ochetti,Renato Ratti Nebbiolo d'Alba Ochetti,vin_type_reds,wine,750ml,"		$21.99/ea($29.32/l)",21.99,ea(,29.32/l),,
15375,Renwood California Zinfandel,Renwood California Zinfandel,vin_type_reds,wine,750ml,"		$13.99/ea($18.65/l)",13.99,ea(,18.65/l),,
15376,"Ridge ""Three Valleys"" Zinfandel","Ridge ""Three Valleys"" Zinfandel",vin_type_reds,wine,750ml,"		$24.99/ea($33.32/l)",24.99,ea(,33.32/l),,
15377,Rust en Vrede Estate Red,Rust en Vrede Estate Red,vin_type_reds,wine,750ml,"		$39.99/ea($53.32/l)",39.99,ea(,53.32/l),,
15378,"Santi Valpolicella Ripasso ""Solane""","Santi Valpolicella Ripasso ""Solane""",vin_type_reds,wine,750ml,"		$14.99/ea($19.99/l)",14.99,ea(,19.99/l),,
15380,Sella & Mosca Cannonau di Sardegna Riserva,Sella & Mosca Cannonau di Sardegna Riserva,vin_type_reds,wine,750ml,"		$12.99/ea($17.32/l)",12.99,ea(,17.32/l),,
15382,Smashberry Red Wine,Smashberry Red Wine,vin_type_reds,wine,750ml,"		$14.99/ea($19.99/l)",14.99,ea(,19.99/l),,
15384,Steak House Cabernet Sauvignon,Steak House Cabernet Sauvignon,vin_type_reds,wine,750ml,"		$11.99/ea($15.99/l)",11.99,ea(,15.99/l),,
15386,The Show Cabernet Sauvignon,The Show Cabernet Sauvignon,vin_type_reds,wine,750ml,"		$12.99/ea($17.32/l)",12.99,ea(,17.32/l),,
15387,The Velvet Devil Merlot,The Velvet Devil Merlot,vin_type_reds,wine,750ml,"		$14.99/ea($19.99/l)",14.99,ea(,19.99/l),,
15388,Tormaresca Neprica Negroamaro,Tormaresca Neprica Negroamaro,vin_type_reds,wine,750ml,"		$11.99/ea($15.99/l)",11.99,ea(,15.99/l),,
15389,Truchard Pinot Noir Carneros,Truchard Pinot Noir Carneros,vin_type_reds,wine,750ml,"		$23.99/ea($31.99/l)",23.99,ea(,31.99/l),,
15390,Vidigal Reserva Vinho Tinto,Vidigal Reserva Vinho Tinto,vin_type_reds,wine,750ml,"		$8.99/ea($11.99/l)",8.99,ea(,11.99/l),,
15391,Villa Antinori Toscana Red,Villa Antinori Toscana Red,vin_type_reds,wine,750ml,"		$19.99/ea($26.65/l)",19.99,ea(,26.65/l),,
15393,Villadoro Montepulciano d'Abruzzo,Villadoro Montepulciano d'Abruzzo,vin_type_reds,wine,750ml,"		$9.99/ea($13.32/l)",9.99,ea(,13.32/l),,
15397,14° Secolo Chianti,14° Secolo Chianti,vin_type_reds,wine,750ml,"		$0.00/null($0.00/l)",0,null(,0.00/l),,
15398,Domaine Le Garrigon Côtes du Rhône,Domaine Le Garrigon Côtes du Rhône,vin_type_reds,wine,750ml,"		$0.00/null($0.00/l)",0,null(,0.00/l),,
15399,Pahlmeyer Jayson Cabernet Sauvignon,Pahlmeyer Jayson Cabernet Sauvignon,vin_type_reds,wine,750ml,"		$0.00/null($0.00/l)",0,null(,0.00/l),,
15400,The Prisoner,The Prisoner,vin_type_reds,wine,750ml,"		$0.00/null($0.00/l)",0,null(,0.00/l),,
15409,Aunt Jemima Mini Pancakes,Aunt Jemima Mini Pancakes,fro_break,frozen,14.5oz,"		$3.59/ea($3.95/lb)",3.59,ea(,3.95/lb),,
15413,"Kashi Waffles, Original 7 Grain","Kashi Waffles, Original 7 Grain",fro_break,frozen,10oz,"		$3.89/ea($6.17/lb)",3.89,ea(,6.17/lb),,
15428,Aunt Jemima Buttermilk Pancakes,Aunt Jemima Buttermilk Pancakes,fro_break,frozen,12pc (13.75oz),"		$3.59/ea($4.17/lb)",3.59,ea(,4.17/lb),,
15429,Aunt Jemima Cinnamon French Toast Sticks,Aunt Jemima Cinnamon French Toast Sticks,fro_break,frozen,12.5oz,"		$3.59/ea($4.60/lb)",3.59,ea(,4.60/lb),,
15434,Kellogg's Eggo Buttermilk Waffles,Kellogg's Eggo Buttermilk Waffles,fro_break,frozen,24pc (29.6oz),"		$5.99/ea($3.24/lb)",5.99,ea(,3.24/lb),,
15436,Kellogg's Eggo Homestyle Waffles,Kellogg's Eggo Homestyle Waffles,fro_break,frozen,24pc (29.6oz),"		$5.99/ea($3.24/lb)",5.99,ea(,3.24/lb),,
15443,"Evol  Lean & Fit Breakfast Burrito, Chicken Apple Sausage, Egg & Smoked Gouda","Evol  Lean & Fit Breakfast Burrito, Chicken Apple Sausage, Egg & Smoked Gouda",fro_break,frozen,5oz,"		$2.59/ea($8.35/lb)",2.59,ea(,8.35/lb),,
15444,"Evol  Lean & Fit Breakfast Burrito, Egg White & Spinach","Evol  Lean & Fit Breakfast Burrito, Egg White & Spinach",fro_break,frozen,5oz,"		$2.59/ea($8.35/lb)",2.59,ea(,8.35/lb),,
15447,"Vitalicious Vitaegg Flatbread Sandwich, Cheese & Veggies","Vitalicious Vitaegg Flatbread Sandwich, Cheese & Veggies",fro_break,frozen,"2ct, 3.2oz ea","		$4.99/ea",4.99,ea,,,
15448,Applegate Naturals Chicken & Maple Breakfast Sausage Patties,Applegate Naturals Chicken & Maple Breakfast Sausage Patties,fro_break,frozen,7oz,"		$5.69/ea($12.93/lb)",5.69,ea(,12.93/lb),,
15449,"Evol  Breakfast Sandwich, Egg & Smoked Gouda","Evol  Breakfast Sandwich, Egg & Smoked Gouda",fro_break,frozen,3.4oz,"		$2.59/ea($12.33/lb)",2.59,ea(,12.33/lb),,
15452,"Vitalicious Vitatops Muffin, Chocolate Chip","Vitalicious Vitatops Muffin, Chocolate Chip",fro_break,frozen,"4ct, 2oz ea","		$4.99/ea($9.98/lb)",4.99,ea(,9.98/lb),,
15453,"Vitalicious Vitatops Muffin, Wild Blueberry","Vitalicious Vitatops Muffin, Wild Blueberry",fro_break,frozen,"4ct, 2oz ea","		$4.99/ea($9.98/lb)",4.99,ea(,9.98/lb),,
15454,"Evol  Lean & Fit Breakfast Sandwich, Chicken Apple Sausage, Egg White & Cheddar","Evol  Lean & Fit Breakfast Sandwich, Chicken Apple Sausage, Egg White & Cheddar",fro_break,frozen,4oz,"		$0.00/null($0.00/lb)",0,null(,0.00/lb),,
15479,Pepperidge Farm Garlic Bread,Pepperidge Farm Garlic Bread,fro_bread,frozen,10oz,"		$3.49/ea($5.54/lb)",3.49,ea(,5.54/lb),,
15480,Pepperidge Farm Puff Pastry Sheets,Pepperidge Farm Puff Pastry Sheets,fro_bread,frozen,2 sheets (17.3oz),"		$5.49/ea($5.08/lb)",5.49,ea(,5.08/lb),,
15486,Fantis Phyllo Dough,Fantis Phyllo Dough,fro_bread,frozen,16oz,"		$3.19/ea($3.19/lb)",3.19,ea(,3.19/lb),,
15494,New York Texas Toast with Real Garlic,New York Texas Toast with Real Garlic,fro_bread,frozen,"8ct, 11.25oz","		$3.49/ea($0.44/ct)",3.49,ea(,0.44/ct),,
15498,"Spelt Right Artisan Spelt Bagels, Everything Emma","Spelt Right Artisan Spelt Bagels, Everything Emma",fro_bread,frozen,14oz," 	$0.00/null $5.99($0.00/lb)",0,null ,5.99(0.00/lb),0.00/lb),
15499,"Spelt Right Artisan Spelt Bread, Simply Spelt","Spelt Right Artisan Spelt Bread, Simply Spelt",fro_bread,frozen,16oz," 	$0.00/null $5.49($0.00/lb)",0,null ,5.49(0.00/lb),0.00/lb),
15500,"Spelt Right Artisan Spelt Bread, Whole Grain","Spelt Right Artisan Spelt Bread, Whole Grain",fro_bread,frozen,16oz," 	$0.00/null $5.49($0.00/lb)",0,null ,5.49(0.00/lb),0.00/lb),
15554,BeauSoleil Farm-Raised Oysters,BeauSoleil Farm-Raised Oysters,sea_oysters,seafood,Approx. 1.5oz per pack,"		$1.49/eaAny 12 Oysters for $15.00Mix'n'Match",1.49,eaAny 12 Oysters for ,15.00Mix'n'Match,,
15556,Bluepoint Farm-Raised Oysters,Bluepoint Farm-Raised Oysters,sea_oysters,seafood,NA,"		$1.39/eaAny 12 Oysters for $15.00Mix'n'Match",1.39,eaAny 12 Oysters for ,15.00Mix'n'Match,,
15558,Farm-Raised Kumamoto Oysters,Farm-Raised Kumamoto Oysters,sea_oysters,seafood,NA,"		$1.99/ea",1.99,ea,,,
15559,Malpeque Farm-Raised Oysters,Malpeque Farm-Raised Oysters,sea_oysters,seafood,NA,"		$1.49/eaAny 12 Oysters for $15.00Mix'n'Match",1.49,eaAny 12 Oysters for ,15.00Mix'n'Match,,
15561,Shucked Farm-Raised Oysters,Shucked Farm-Raised Oysters,sea_oysters,seafood,8oz,"		$8.99/pkg",8.99,pkg,,,
15579,FreshDirect Frozen Green Risotto,FreshDirect Frozen Green Risotto,hmr_fresh_ss,4mm,10.7oz,"		$7.99/ea($11.93/lb)",7.99,ea(,11.93/lb),,
15580,FreshDirect Frozen Linguine Pasta w/ Red Clam Sauce,FreshDirect Frozen Linguine Pasta w/ Red Clam Sauce,hmr_fresh_ss,4mm,10.2oz,"		$8.99/ea($14.05/lb)",8.99,ea(,14.05/lb),,
15583,Smart & Simple Frozen Chicken & Goat Cheese Pasta,Smart & Simple Frozen Chicken & Goat Cheese Pasta,hmr_fresh_ss,4mm,11.2oz,"		$8.99/ea($12.84/lb)",8.99,ea(,12.84/lb),,
15586,Smart & Simple Frozen Artichoke & Ricotta Ravioli,Smart & Simple Frozen Artichoke & Ricotta Ravioli,hmr_fresh_ss,4mm,10.3oz,"		$0.00/null($0.00/lb)",0,null(,0.00/lb),,
15590,European Premium Jumbo White Asparagus,European Premium Jumbo White Asparagus,art_asp,vegetables,approx. 3 stalks per bunch,"		$6.99/bunch",6.99,bunch,,,
15598,Farm-Raised Organic Newfoundland Rope Cultured Mussels,Farm-Raised Organic Newfoundland Rope Cultured Mussels,scmo,seafood,NA,"		$4.49/lb",4.49,lb,,,
15599,Farm-Raised Prince Edward Island Mussels,Farm-Raised Prince Edward Island Mussels,scmo,seafood,NA,"		$3.49/lb",3.49,lb,,,
15601,Wild Local Cherrystone Clams,Wild Local Cherrystone Clams,scmo,seafood,NA,"		$0.49/ea",0.49,ea,,,
15608,FreshDirect Frozen Bistro Chicken,FreshDirect Frozen Bistro Chicken,fro_meals,frozen,11.8 oz,"		$8.99/ea($12.15/lb)",8.99,ea(,12.15/lb),,
15632,Evol  Cilantro Lime Chicken Burrito,Evol  Cilantro Lime Chicken Burrito,fro_meals,frozen,6oz,"		$2.99/ea($7.87/lb)",2.99,ea(,7.87/lb),,
15637,FreshDirect Frozen Macaroni & Cheese w/ Berkshire Bacon,FreshDirect Frozen Macaroni & Cheese w/ Berkshire Bacon,fro_meals,frozen,12.1oz,"		$6.99/ea($9.20/lb)",6.99,ea(,9.20/lb),,
15638,FreshDirect Frozen Seafood Scampi,FreshDirect Frozen Seafood Scampi,fro_meals,frozen,10.4oz,"		$9.99/ea($15.37/lb)",9.99,ea(,15.37/lb),,
15645,Kidfresh Mighty Meaty Chicken Meatballs,Kidfresh Mighty Meaty Chicken Meatballs,fro_meals,frozen,6.9oz (196g),"		$3.99/ea($9.28/lb)",3.99,ea(,9.28/lb),,
15646,Lean Cuisine Chicken Parmesan,Lean Cuisine Chicken Parmesan,fro_meals,frozen,10.78oz,"		$3.79/ea($5.66/lb)",3.79,ea(,5.66/lb),,
15647,Lean Cuisine Favorites Macaroni & Cheese,Lean Cuisine Favorites Macaroni & Cheese,fro_meals,frozen,10oz,"		$3.19/ea($5.06/lb)",3.19,ea(,5.06/lb),,
15648,Lean Cuisine Favorites Swedish Meatballs,Lean Cuisine Favorites Swedish Meatballs,fro_meals,frozen,9.125oz,"		$3.19/ea($5.60/lb)",3.19,ea(,5.60/lb),,
15650,Marie Callendar's Chicken Pot Pie,Marie Callendar's Chicken Pot Pie,fro_meals,frozen,"16oz (1lb), 454 kg","		$4.19/ea($4.19/lb)",4.19,ea(,4.19/lb),,
15657,Weight Watchers Smart Ones Three Cheese Ziti Marinara,Weight Watchers Smart Ones Three Cheese Ziti Marinara,fro_meals,frozen,9oz,"		$3.19/ea($5.70/lb)",3.19,ea(,5.70/lb),,
15658,Weight Watchers Smart Ones Traditional Lasagne w/ Meat Sauce,Weight Watchers Smart Ones Traditional Lasagne w/ Meat Sauce,fro_meals,frozen,10.25oz,"		$3.19/ea($4.98/lb)",3.19,ea(,4.98/lb),,
15678,"Evol  Bean, Rice & Cheddar Burrito","Evol  Bean, Rice & Cheddar Burrito",fro_meals,frozen,6oz,"		$2.99/ea($7.87/lb)",2.99,ea(,7.87/lb),,
15680,"Evol  Chicken, Bean & Rice Burrito","Evol  Chicken, Bean & Rice Burrito",fro_meals,frozen,6oz,"		$2.99/ea($7.87/lb)",2.99,ea(,7.87/lb),,
15682,Evol  Shredded Beef Burrito,Evol  Shredded Beef Burrito,fro_meals,frozen,6oz,"		$2.99/ea($7.87/lb)",2.99,ea(,7.87/lb),,
15688,FreshDirect Frozen Salmon w/ Almond & Veggie Couscous,FreshDirect Frozen Salmon w/ Almond & Veggie Couscous,fro_meals,frozen,11.3oz,"		$9.99/ea($14.07/lb)",9.99,ea(,14.07/lb),,
15691,Kidfresh Fun-tastic Fish Sticks,Kidfresh Fun-tastic Fish Sticks,fro_meals,frozen,7.4oz (210g),"		$3.99/ea($8.67/lb)",3.99,ea(,8.67/lb),,
15692,Kidfresh Mamma Mia Cheesy Pizza,Kidfresh Mamma Mia Cheesy Pizza,fro_meals,frozen,8.2oz (232g),"		$4.19/ea($8.22/lb)",4.19,ea(,8.22/lb),,
15693,Lean Cuisine Comfort Chicken Carbonara,Lean Cuisine Comfort Chicken Carbonara,fro_meals,frozen,9oz,"		$3.79/ea($6.77/lb)",3.79,ea(,6.77/lb),,
15694,Lean Cuisine Comfort Glazed Chicken,Lean Cuisine Comfort Glazed Chicken,fro_meals,frozen,8.5oz,"		$3.79/ea($7.15/lb)",3.79,ea(,7.15/lb),,
15695,Lean Cuisine Comfort Meatloaf with Mashed Potatoes,Lean Cuisine Comfort Meatloaf with Mashed Potatoes,fro_meals,frozen,9.38oz,"		$3.79/ea($6.42/lb)",3.79,ea(,6.42/lb),,
15697,Lean Cuisine Favorites Cheese Ravioli,Lean Cuisine Favorites Cheese Ravioli,fro_meals,frozen,8.5oz,"		$3.19/ea($6.02/lb)",3.19,ea(,6.02/lb),,
15698,Lean Cuisine Lemon Chicken,Lean Cuisine Lemon Chicken,fro_meals,frozen,9oz,"		$3.79/ea($6.77/lb)",3.79,ea(,6.77/lb),,
15699,Lean Cuisine Marketplace Sesame Chicken,Lean Cuisine Marketplace Sesame Chicken,fro_meals,frozen,9oz,"		$3.79/ea($6.77/lb)",3.79,ea(,6.77/lb),,
15700,Lean Cuisine Spa Collection Butternut Squash Ravioli,Lean Cuisine Spa Collection Butternut Squash Ravioli,fro_meals,frozen,9.88oz,"		$3.79/ea($6.11/lb)",3.79,ea(,6.11/lb),,
15701,Lean Cuisine Spa Collection Ginger Garlic Stir Fry with Chicken,Lean Cuisine Spa Collection Ginger Garlic Stir Fry with Chicken,fro_meals,frozen,9.88oz,"		$3.79/ea($6.11/lb)",3.79,ea(,6.11/lb),,
15707,The Quesadilla Store Machego Corn & Truffle Quesadilla,The Quesadilla Store Machego Corn & Truffle Quesadilla,fro_meals,frozen,5oz,"		$3.99/ea($12.87/lb)",3.99,ea(,12.87/lb),,
15708,The Quesadilla Store Spinach & Goat Cheese Quesadilla,The Quesadilla Store Spinach & Goat Cheese Quesadilla,fro_meals,frozen,5oz,"		$3.99/ea($12.87/lb)",3.99,ea(,12.87/lb),,
15709,The Quesadilla Store Tomato Salsa Quesadilla,The Quesadilla Store Tomato Salsa Quesadilla,fro_meals,frozen,5oz,"		$3.99/ea($12.87/lb)",3.99,ea(,12.87/lb),,
15710,The Quesadilla Store Wild Mushroom Quesadilla,The Quesadilla Store Wild Mushroom Quesadilla,fro_meals,frozen,5oz,"		$3.99/ea($12.87/lb)",3.99,ea(,12.87/lb),,
15712,Weight Watchers Smart Ones Fettucini Alfredo,Weight Watchers Smart Ones Fettucini Alfredo,fro_meals,frozen,9.25oz,"		$3.19/ea($5.50/lb)",3.19,ea(,5.50/lb),,
15713,Weight Watchers Smart Ones Santa Fe Style Rice & Beans,Weight Watchers Smart Ones Santa Fe Style Rice & Beans,fro_meals,frozen,9oz,"		$3.19/ea($5.70/lb)",3.19,ea(,5.70/lb),,
15714,Weight Watchers Smart Ones Stuffed Turkey Breast,Weight Watchers Smart Ones Stuffed Turkey Breast,fro_meals,frozen,10oz,"		$3.69/ea($5.86/lb)",3.69,ea(,5.86/lb),,
15715,Weight Watchers Smart Ones Teriyaki Chicken & Vegetable,Weight Watchers Smart Ones Teriyaki Chicken & Vegetable,fro_meals,frozen,9oz,"		$3.69/ea",3.69,ea,,,
15716,Weight Watchers Smart Ones Three-Cheese Macaroni,Weight Watchers Smart Ones Three-Cheese Macaroni,fro_meals,frozen,9 oz.,"		$3.19/ea($5.70/lb)",3.19,ea(,5.70/lb),,
15737,Jalapeño Pepper,Jalapeño Pepper,pep,vegetables,(about 16 per lb),"		$3.49/lb",3.49,lb,,,
15739,Orange Greenhouse Bell Pepper,Orange Greenhouse Bell Pepper,pep,vegetables,NA,"		$4.99/lb",4.99,lb,,,
15740,"Yellow Greenhouse Bell Pepper, Medium","Yellow Greenhouse Bell Pepper, Medium",pep,vegetables,NA,"		$4.99/lb",4.99,lb,,,
15748,Poblano Pepper,Poblano Pepper,pep,vegetables,NA,"		$3.49/lb",3.49,lb,,,
15749,Cubanelle Pepper,Cubanelle Pepper,pep,vegetables,NA,"		$2.99/lb",2.99,lb,,,
15750,"Habanero Peppers, Packaged","Habanero Peppers, Packaged",pep,vegetables,4oz,"		$3.99/ea",3.99,ea,,,
15752,"Serrano Peppers, Packaged","Serrano Peppers, Packaged",pep,vegetables,4oz,"		$3.99/ea",3.99,ea,,,
15753,Sunset Ancient Sweet Pepper,Sunset Ancient Sweet Pepper,pep,vegetables,(2 per 8oz bag),"		$3.99/ea",3.99,ea,,,
15758,"Dole Mango Chunks, Frozen","Dole Mango Chunks, Frozen",fro_fruit,frozen,16oz,"		$4.79/ea($4.79/lb)",4.79,ea(,4.79/lb),,
15759,"Dole Mixed Berries, Frozen","Dole Mixed Berries, Frozen",fro_fruit,frozen,12oz,"		$4.99/ea($6.65/lb)",4.99,ea(,6.65/lb),,
15760,"Dole Strawberries, Frozen","Dole Strawberries, Frozen",fro_fruit,frozen,16oz bag,"		$4.29/ea($4.29/lb)",4.29,ea(,4.29/lb),,
15763,"Dole Blueberries, Frozen","Dole Blueberries, Frozen",fro_fruit,frozen,12oz bag,"		$5.69/ea($7.59/lb)",5.69,ea(,7.59/lb),,
15773,Lagunitas IPA (India Pale Ale),Lagunitas IPA (India Pale Ale),gro_beer,grocery,12oz bottles 6pk,"		$10.99/ea($2.44/pt)",10.99,ea(,2.44/pt),,
15774,Peroni Lager,Peroni Lager,gro_beer,grocery,12oz bottles 6pk,"		$10.99/ea($2.44/pt)",10.99,ea(,2.44/pt),,
15775,Stella Artois Lager,Stella Artois Lager,gro_beer,grocery,12oz bottles 6pk,"		$10.99/ea($2.44/pt)",10.99,ea(,2.44/pt),,
15779,Amstel Light,Amstel Light,gro_beer,grocery,12oz bottles 6pk,"		$10.99/ea($2.44/pt)",10.99,ea(,2.44/pt),,
15784,Beck's Haake Beck Non-Alcoholic Beer,Beck's Haake Beck Non-Alcoholic Beer,gro_beer,grocery,12oz bottles 6pk,"		$8.99/ea($2.00/pt)",8.99,ea(,2.00/pt),,
15785,Blue Moon Belgian White Ale,Blue Moon Belgian White Ale,gro_beer,grocery,12oz bottles 6pk,"		$10.99/ea($2.44/pt)",10.99,ea(,2.44/pt),,
15788,Blue Point Toasted Lager,Blue Point Toasted Lager,gro_beer,grocery,12oz bottles 6pk,"		$10.99/ea($2.44/pt)",10.99,ea(,2.44/pt),,
15789,Bronx Brewery Pale Ale,Bronx Brewery Pale Ale,gro_beer,grocery,"4pk, 16oz ea","		$10.99/ea($2.75/pt)",10.99,ea(,2.75/pt),,
15793,Bud Light,Bud Light,gro_beer,grocery,12oz bottles 6pk,"		$8.99/ea($2.00/pt)",8.99,ea(,2.00/pt),,
15797,Corona Extra,Corona Extra,gro_beer,grocery,12oz bottles 6pk,"		$10.99/ea($2.44/pt)",10.99,ea(,2.44/pt),,
15799,Corona Light,Corona Light,gro_beer,grocery,12oz bottles 6pk,"		$10.99/ea($2.44/pt)",10.99,ea(,2.44/pt),,
15801,Dogfish Head 60 Minute IPA,Dogfish Head 60 Minute IPA,gro_beer,grocery,12oz bottles 6pk,"		$14.99/ea($3.33/pt)",14.99,ea(,3.33/pt),,
15804,"FreshDirect ""Joe Six-Pack"" Beer Variety Pack","FreshDirect ""Joe Six-Pack"" Beer Variety Pack",gro_beer,grocery,6pk,"		$6.99/ea($1.55/pt)",6.99,ea(,1.55/pt),,
15805,Guinness Pub Draught,Guinness Pub Draught,gro_beer,grocery,14.9oz cans 4pk,"		$9.99/ea($2.68/pt)",9.99,ea(,2.68/pt),,
15807,Heineken,Heineken,gro_beer,grocery,12oz bottles 6pk,"		$10.99/ea($2.44/pt)",10.99,ea(,2.44/pt),,
15809,Heineken Light,Heineken Light,gro_beer,grocery,"12oz bottles, 6pk","		$10.99/ea($2.44/pt)",10.99,ea(,2.44/pt),,
15810,Hoegaarden,Hoegaarden,gro_beer,grocery,12oz bottles 6pk,"		$11.99/ea($2.66/pt)",11.99,ea(,2.66/pt),,
15811,Leffe Blonde Belgian Ale,Leffe Blonde Belgian Ale,gro_beer,grocery,12oz bottles 6pk,"		$11.99/ea($2.66/pt)",11.99,ea(,2.66/pt),,
15812,Magic Hat Number 9,Magic Hat Number 9,gro_beer,grocery,12oz bottles 6pk,"		$10.99/ea($2.44/pt)",10.99,ea(,2.44/pt),,
15813,O'Doul's Non-Alcoholic Beer,O'Doul's Non-Alcoholic Beer,gro_beer,grocery,12oz bottles 6pk,"		$8.99/ea($2.00/pt)",8.99,ea(,2.00/pt),,
15814,Pabst Blue Ribbon Beer,Pabst Blue Ribbon Beer,gro_beer,grocery,12oz cans 12pk,"		$11.49/ea($1.28/pt)",11.49,ea(,1.28/pt),,
15815,Pacífico Clara,Pacífico Clara,gro_beer,grocery,12oz bottles 6pk,"		$10.99/ea($2.44/pt)",10.99,ea(,2.44/pt),,
15816,Pilsner Urquell,Pilsner Urquell,gro_beer,grocery,12oz bottles 6pk,"		$10.99/ea($2.44/pt)",10.99,ea(,2.44/pt),,
15817,Radeberger Pilsner,Radeberger Pilsner,gro_beer,grocery,11.2oz bottles 6pk,"		$10.99/ea($2.62/pt)",10.99,ea(,2.62/pt),,
15818,Red Stripe,Red Stripe,gro_beer,grocery,12oz bottles 6pk,"		$10.99/ea($2.44/pt)",10.99,ea(,2.44/pt),,
15819,Samuel Adams Boston Lager,Samuel Adams Boston Lager,gro_beer,grocery,12oz bottles 6pk,"		$10.99/ea($2.44/pt)",10.99,ea(,2.44/pt),,
15823,Sierra Nevada Pale Ale,Sierra Nevada Pale Ale,gro_beer,grocery,12oz bottles 6pk,"		$10.99/ea($2.44/pt)",10.99,ea(,2.44/pt),,
15828,Abita Amber,Abita Amber,gro_beer,grocery,"6pk, 12oz ea","		$10.99/ea($2.44/pt)",10.99,ea(,2.44/pt),,
15829,Abita Purple Haze,Abita Purple Haze,gro_beer,grocery,"6pk, 12oz ea","		$10.99/ea($2.44/pt)",10.99,ea(,2.44/pt),,
15835,Bass Ale,Bass Ale,gro_beer,grocery,12oz bottles 6pk,"		$11.99/ea($2.66/pt)",11.99,ea(,2.66/pt),,
15836,Bear Republic Racer 5 IPA,Bear Republic Racer 5 IPA,gro_beer,grocery,12oz bottles 6pk,"		$13.99/ea($3.11/pt)",13.99,ea(,3.11/pt),,
15837,Beck's,Beck's,gro_beer,grocery,12oz bottles 6pk,"		$10.99/ea($2.44/pt)",10.99,ea(,2.44/pt),,
15839,Beck's Light,Beck's Light,gro_beer,grocery,12oz bottles 6pk,"		$10.99/ea($2.44/pt)",10.99,ea(,2.44/pt),,
15842,Bell's Amber Ale,Bell's Amber Ale,gro_beer,grocery,"6pk, 12oz ea","		$11.99/ea($2.66/pt)",11.99,ea(,2.66/pt),,
15844,Bell's Two Hearted Ale,Bell's Two Hearted Ale,gro_beer,grocery,"6pk, 12oz ea","		$12.99/ea($2.89/pt)",12.99,ea(,2.89/pt),,
15846,Blue Moon Summer Honey Wheat Ale,Blue Moon Summer Honey Wheat Ale,gro_beer,grocery,12oz bottles 6pk,"		$10.99/ea",10.99,ea,,,
15847,Blue Point Blueberry Ale,Blue Point Blueberry Ale,gro_beer,grocery,12oz bottles 6pk,"		$10.99/ea($2.44/pt)",10.99,ea(,2.44/pt),,
15852,Brooklyn Brewery Brooklyn Blast,Brooklyn Brewery Brooklyn Blast,gro_beer,grocery,"4pk, 12floz ea","		$12.99/ea($4.33/pt)",12.99,ea(,4.33/pt),,
15861,Bud Light Lime,Bud Light Lime,gro_beer,grocery,12oz bottles 6pk,"		$9.99/ea($13.32/pt)",9.99,ea(,13.32/pt),,
15863,Budweiser,Budweiser,gro_beer,grocery,12oz bottles 6pk,"		$8.99/ea($2.00/pt)",8.99,ea(,2.00/pt),,
15866,"Captain Lawrence Brewing Company Kolsch, German Style Ale","Captain Lawrence Brewing Company Kolsch, German Style Ale",gro_beer,grocery,12oz bottles 6pk,"		$10.99/ea($2.31/pt)",10.99,ea(,2.31/pt),,
15868,Chimay Grand Reserve,Chimay Grand Reserve,gro_beer,grocery,25oz bottle,"		$16.99/ea($10.89/pt)",16.99,ea(,10.89/pt),,
15870,Chimay Red Cap,Chimay Red Cap,gro_beer,grocery,25oz bottle,"		$14.99/ea($9.61/pt)",14.99,ea(,9.61/pt),,
15872,Coors Light,Coors Light,gro_beer,grocery,12oz bottles 6pk,"		$8.99/ea($2.00/pt)",8.99,ea(,2.00/pt),,
15874,Coors Light Silver Bullet Aluminum Pints,Coors Light Silver Bullet Aluminum Pints,gro_beer,grocery,16oz cans 9pk,"		$14.99/ea($1.67/pt)",14.99,ea(,1.67/pt),,
15875,Coors Non-Alcoholic,Coors Non-Alcoholic,gro_beer,grocery,"6pk, 12oz ea","		$8.99/ea($2.00/pt)",8.99,ea(,2.00/pt),,
15877,Delirium Tremens,Delirium Tremens,gro_beer,grocery,25.4oz,"		$13.99/ea($8.80/pt)",13.99,ea(,8.80/pt),,
15879,Doc's Draft Hard Apple Cider,Doc's Draft Hard Apple Cider,gro_beer,grocery,650ml,"		$5.99/ea($4.37/pt)",5.99,ea(,4.37/pt),,
15881,Dogfish Head 90 Minute Imperial IPA,Dogfish Head 90 Minute Imperial IPA,gro_beer,grocery,12oz bottles 4pk,"		$13.99/ea($4.66/pt)",13.99,ea(,4.66/pt),,
15883,Dos Equis,Dos Equis,gro_beer,grocery,12oz bottles 6pk,"		$10.99/ea($2.44/pt)",10.99,ea(,2.44/pt),,
15884,Dos Equis Lager Especial,Dos Equis Lager Especial,gro_beer,grocery,"6pk, 12oz ea","		$10.99/ea($2.44/pt)",10.99,ea(,2.44/pt),,
15886,Duvel,Duvel,gro_beer,grocery,25oz,"		$13.99/ea($8.97/pt)",13.99,ea(,8.97/pt),,
15888,Flying Dog Dead Rise Old Bay Summer Ale,Flying Dog Dead Rise Old Bay Summer Ale,gro_beer,grocery,"6pk, 12floz ea","		$11.99/ea",11.99,ea,,,
15892,Grolsch,Grolsch,gro_beer,grocery,12oz bottles 6pk,"		$10.99/ea($2.44/pt)",10.99,ea(,2.44/pt),,
15894,Guinness Draught,Guinness Draught,gro_beer,grocery,12oz bottles 6pk,"		$10.99/ea($2.44/pt)",10.99,ea(,2.44/pt),,
15896,Guinness Extra Stout,Guinness Extra Stout,gro_beer,grocery,12oz bottles 6pk,"		$10.99/ea($2.44/pt)",10.99,ea(,2.44/pt),,
15902,Harpoon Summer Vacation Mix Pack,Harpoon Summer Vacation Mix Pack,gro_beer,grocery,12oz bottles 12pk,"		$20.99/ea",20.99,ea,,,
15903,Harpoon UFO Hefeweizen,Harpoon UFO Hefeweizen,gro_beer,grocery,12oz bottles 6pk,"		$10.99/ea($2.44/pt)",10.99,ea(,2.44/pt),,
15904,"Harpoon UFO White, Unfiltered Wheat Beer","Harpoon UFO White, Unfiltered Wheat Beer",gro_beer,grocery,12oz bottles 6pk,"		$10.99/ea($2.44/pt)",10.99,ea(,2.44/pt),,
15906,Hitachino Nest Beer White Ale,Hitachino Nest Beer White Ale,gro_beer,grocery,24oz,"		$13.99/ea($9.33/pt)",13.99,ea(,9.33/pt),,
15912,Hofbräu Maibock,Hofbräu Maibock,gro_beer,grocery,12oz bottles 6pk,"		$11.99/ea",11.99,ea,,,
15915,Kronenbourg 1664,Kronenbourg 1664,gro_beer,grocery,6pk,"		$11.99/ea($2.66/pt)",11.99,ea(,2.66/pt),,
15917,La Fin Du Monde Ale,La Fin Du Monde Ale,gro_beer,grocery,750ml bottle,"		$10.49/ea($6.60/pt)",10.49,ea(,6.60/pt),,
15921,Lindemans Framboise,Lindemans Framboise,gro_beer,grocery,25oz bottle,"		$12.99/ea($8.33/pt)",12.99,ea(,8.33/pt),,
15923,Long Trail Amber Ale,Long Trail Amber Ale,gro_beer,grocery,12oz bottles 6pk,"		$10.99/ea($2.44/pt)",10.99,ea(,2.44/pt),,
15929,Magners Hard Cider,Magners Hard Cider,gro_beer,grocery,12oz bottles 6pk,"		$13.49/ea($3.00/pt)",13.49,ea(,3.00/pt),,
15931,"Michelob Ultra, Low-Carb Beer","Michelob Ultra, Low-Carb Beer",gro_beer,grocery,12oz bottles 6pk,"		$9.99/ea($2.22/pt)",9.99,ea(,2.22/pt),,
15933,Mike's Hard Lemonade,Mike's Hard Lemonade,gro_beer,grocery,11.2oz bottles 6pk,"		$10.99/ea($2.62/pt)",10.99,ea(,2.62/pt),,
15934,Miller High Life,Miller High Life,gro_beer,grocery,12oz cans 12pk,"		$10.99/ea($1.22/pt)",10.99,ea(,1.22/pt),,
15935,Miller Lite Beer,Miller Lite Beer,gro_beer,grocery,12oz bottles 6pk,"		$8.99/ea($2.00/pt)",8.99,ea(,2.00/pt),,
15939,Negra Modelo,Negra Modelo,gro_beer,grocery,12oz bottles 6pk,"		$10.99/ea($2.44/pt)",10.99,ea(,2.44/pt),,
15941,Newcastle Brown Ale,Newcastle Brown Ale,gro_beer,grocery,12oz bottles 6pk,"		$10.99/ea($2.44/pt)",10.99,ea(,2.44/pt),,
15944,Ommegang 8 Fine Ales Variety Pack,Ommegang 8 Fine Ales Variety Pack,gro_beer,grocery,12oz bottles 8pk,"		$23.99/ea($4.00/pt)",23.99,ea(,4.00/pt),,
15951,Palm Amber Beer,Palm Amber Beer,gro_beer,grocery,11.2 oz bottles 6pk,"		$12.99/ea($3.09/pt)",12.99,ea(,3.09/pt),,
15952,Peak Organic IPA,Peak Organic IPA,gro_beer,grocery,"6pk, 12oz ea","		$10.99/ea($2.44/pt)",10.99,ea(,2.44/pt),,
15959,Samuel Adams Beers of Summer Variety Pack,Samuel Adams Beers of Summer Variety Pack,gro_beer,grocery,12oz bottles 12pk,"		$21.99/ea",21.99,ea,,,
15960,Samuel Adams Boston Ale,Samuel Adams Boston Ale,gro_beer,grocery,12oz bottles 6pk,"		$10.99/ea($2.44/pt)",10.99,ea(,2.44/pt),,
15963,Samuel Adams Light Beer,Samuel Adams Light Beer,gro_beer,grocery,12oz bottles 6pk,"		$10.99/ea($2.44/pt)",10.99,ea(,2.44/pt),,
15965,Samuel Adams Rebel IPA,Samuel Adams Rebel IPA,gro_beer,grocery,"6pk, 12oz ea","		$10.99/ea($2.44/pt)",10.99,ea(,2.44/pt),,
15969,Shiner Bock Beer,Shiner Bock Beer,gro_beer,grocery,"6pk, 12oz ea","		$11.99/ea($2.66/pt)",11.99,ea(,2.66/pt),,
15972,Sierra Nevada Summerfest Lager,Sierra Nevada Summerfest Lager,gro_beer,grocery,12oz bottles 6pk,"		$10.99/ea",10.99,ea,,,
15973,Sierra Nevada Torpedo Extra IPA,Sierra Nevada Torpedo Extra IPA,gro_beer,grocery,12oz bottles 6pk,"		$10.99/ea($2.44/pt)",10.99,ea(,2.44/pt),,
15976,Sixpoint Brewery Resin Beer,Sixpoint Brewery Resin Beer,gro_beer,grocery,12oz cans 6pk,"		$13.99/ea($3.11/pt)",13.99,ea(,3.11/pt),,
15977,Sly Fox Pikeland Pils,Sly Fox Pikeland Pils,gro_beer,grocery,12oz cans 6pk,"		$12.99/ea($2.89/pt)",12.99,ea(,2.89/pt),,
15978,Smithwick's Irish Ale,Smithwick's Irish Ale,gro_beer,grocery,12oz bottles 6pk,"		$10.99/ea($2.44/pt)",10.99,ea(,2.44/pt),,
15986,Victory Brewing Co. Golden Monkey Tripel Ale,Victory Brewing Co. Golden Monkey Tripel Ale,gro_beer,grocery,12oz bottles 6pk,"		$14.99/ea($3.33/pt)",14.99,ea(,3.33/pt),,
15989,Victory Brewing Co. Prima Pils,Victory Brewing Co. Prima Pils,gro_beer,grocery,12oz bottles 6pk,"		$11.99/ea($2.66/pt)",11.99,ea(,2.66/pt),,
16002,Brooklyn Brewery Summer Ale,Brooklyn Brewery Summer Ale,gro_beer,grocery,12oz cans 12pk," 	$0.00/null $21.99",0,null ,21.99,,
16004,21st Amendment Brewery Back in Black IPA (India Pale Ale),21st Amendment Brewery Back in Black IPA (India Pale Ale),gro_beer,grocery,12oz cans 6pk,"		$0.00/null($0.00/pt)",0,null(,0.00/pt),,
16005,21st Amendment Brewery Brew Free or Die IPA (India Pale Ale),21st Amendment Brewery Brew Free or Die IPA (India Pale Ale),gro_beer,grocery,12oz cans 6pk,"		$0.00/null($0.00/pt)",0,null(,0.00/pt),,
16006,21st Amendment Brewery Hell or High Watermelon Wheat Beer,21st Amendment Brewery Hell or High Watermelon Wheat Beer,gro_beer,grocery,"6pk, 12oz cans"," 	$0.00/null $12.99Any 2 Varieties for $20.00Mix'n'Match",0,null ,12.99Any 2 Varieties for 20.00Mix'n'Match,20.00Mix'n'Match,
16007,AMA Bionda Birra Artigianale da Tavola,AMA Bionda Birra Artigianale da Tavola,gro_beer,grocery,750ml,"		$0.00/null($0.00/pt)",0,null(,0.00/pt),,
16008,Anchor Brewing Craft Originals Variety Pack,Anchor Brewing Craft Originals Variety Pack,gro_beer,grocery,"12pk, 12oz ea"," 	$0.00/null $21.99Any 2 12pk Beer for $32.00($0.00/pt)Mix'n'Match",0,null ,21.99Any 2 12pk Beer for 32.00(0.00/pt)Mix'n'Match,32.00(,0.00/pt)Mix'n'Match
16009,Anchor Brewing India Ale IPA,Anchor Brewing India Ale IPA,gro_beer,grocery,"6pk, 12oz ea"," 	$0.00/null $11.99Any 2 6 Pack Varieties for $16.00($0.00/pt)Mix'n'Match",0,null ,11.99Any 2 6 Pack Varieties for 16.00(0.00/pt)Mix'n'Match,16.00(,0.00/pt)Mix'n'Match
16012,Harp Lager,Harp Lager,gro_beer,grocery,12oz bottles 6pk," 	$0.00/null $10.99($0.00/pt)",0,null ,10.99(0.00/pt),0.00/pt),
16042,Talenti Double Dark Chocolate Gelato,Talenti Double Dark Chocolate Gelato,fro_icecr,frozen,1 pint (473ml),"		$4.99/ea",4.99,ea,,,
16043,Talenti Sea Salt Caramel Gelato,Talenti Sea Salt Caramel Gelato,fro_icecr,frozen,1 pint (473ml),"		$4.99/ea",4.99,ea,,,
16044,Ben & Jerry's Chocolate Chip Cookie Dough Ice Cream,Ben & Jerry's Chocolate Chip Cookie Dough Ice Cream,fro_icecr,frozen,pint (16oz),"		$4.99/ea",4.99,ea,,,
16045,"Edy's Outshine Fruit Bars, Strawberry/Wild Berry/Lime","Edy's Outshine Fruit Bars, Strawberry/Wild Berry/Lime",fro_icecr,frozen,12ct,"		$4.99/ea($3.81/lb)",4.99,ea(,3.81/lb),,
16046,Edy's Slow-Churned Light Mint Chocolate Chip Ice Cream,Edy's Slow-Churned Light Mint Chocolate Chip Ice Cream,fro_icecr,frozen,1.5 quart,"		$5.29/ea",5.29,ea,,,
16047,Edy's Slow-Churned Light Vanilla Ice Cream,Edy's Slow-Churned Light Vanilla Ice Cream,fro_icecr,frozen,1.5 quart,"		$5.69/ea",5.69,ea,,,
16048,Häagen-Dazs Chocolate Ice Cream,Häagen-Dazs Chocolate Ice Cream,fro_icecr,frozen,14oz,"		$4.99/ea($5.67/lb)",4.99,ea(,5.67/lb),,
16049,Häagen-Dazs Coffee Ice Cream,Häagen-Dazs Coffee Ice Cream,fro_icecr,frozen,14oz,"		$4.99/ea($5.67/lb)",4.99,ea(,5.67/lb),,
16051,Skinny Cow Low Fat Chocolate Fudge Cones,Skinny Cow Low Fat Chocolate Fudge Cones,fro_icecr,frozen,4pc (4oz ea),"		$5.99/ea",5.99,ea,,,
16052,Skinny Cow Vanilla Ice Cream Sandwiches,Skinny Cow Vanilla Ice Cream Sandwiches,fro_icecr,frozen,6pk (4oz bars),"		$5.99/ea($3.99/lb)",5.99,ea(,3.99/lb),,
16053,Talenti Mediterranean Mint Gelato,Talenti Mediterranean Mint Gelato,fro_icecr,frozen,1 pint (473ml),"		$4.99/ea",4.99,ea,,,
16054,Talenti Sicilian Pistachio Gelato,Talenti Sicilian Pistachio Gelato,fro_icecr,frozen,1 pint (473ml),"		$4.99/ea",4.99,ea,,,
16055,Talenti Tahitian Vanilla Bean Gelato,Talenti Tahitian Vanilla Bean Gelato,fro_icecr,frozen,1 pint (473ml),"		$4.99/ea",4.99,ea,,,
16056,Weight Watchers English Toffee Crunch Ice Cream Bars,Weight Watchers English Toffee Crunch Ice Cream Bars,fro_icecr,frozen,"12ct, 1.75oz ea","		$6.99/ea($5.34/lb)",6.99,ea(,5.34/lb),,
16057,Ben & Jerry's Cherry Garcia Low-Fat Frozen Yogurt,Ben & Jerry's Cherry Garcia Low-Fat Frozen Yogurt,fro_icecr,frozen,pint (16oz),"		$4.99/ea",4.99,ea,,,
16058,Ben & Jerry's Chocolate Fudge Brownie Low-Fat Frozen Yogurt,Ben & Jerry's Chocolate Fudge Brownie Low-Fat Frozen Yogurt,fro_icecr,frozen,pint (16oz),"		$4.99/ea",4.99,ea,,,
16059,Ben & Jerry's Half Baked Frozen Yogurt,Ben & Jerry's Half Baked Frozen Yogurt,fro_icecr,frozen,pint (16oz),"		$4.99/ea",4.99,ea,,,
16060,Ben & Jerry's Milk & Cookies Ice Cream,Ben & Jerry's Milk & Cookies Ice Cream,fro_icecr,frozen,pint (16oz),"		$4.99/ea",4.99,ea,,,
16064,Ciao Bella Mango Sorbet,Ciao Bella Mango Sorbet,fro_icecr,frozen,16oz,"		$5.59/ea",5.59,ea,,,
16066,Edy's Grand Vanilla Bean Ice Cream,Edy's Grand Vanilla Bean Ice Cream,fro_icecr,frozen,1.5 quart,"		$5.29/ea",5.29,ea,,,
16067,"Edy's Outshine Fruit Bars (No Sugar Added), Black Cherry/Strawberry-Kiwi/Mixed Berry","Edy's Outshine Fruit Bars (No Sugar Added), Black Cherry/Strawberry-Kiwi/Mixed Berry",fro_icecr,frozen,12ct,"		$4.99/ea($3.81/lb)",4.99,ea(,3.81/lb),,
16068,"Edy's Outshine Fruit Bars (No Sugar Added), Strawberry/Raspberry/Tangerine","Edy's Outshine Fruit Bars (No Sugar Added), Strawberry/Raspberry/Tangerine",fro_icecr,frozen,12ct,"		$4.99/ea($3.81/lb)",4.99,ea(,3.81/lb),,
16069,"Edy's Outshine Fruit Bars, Creamy Coconut","Edy's Outshine Fruit Bars, Creamy Coconut",fro_icecr,frozen,6ct,"		$4.99/ea($4.84/lb)",4.99,ea(,4.84/lb),,
16070,"Edy's Outshine Fruit Bars, Lime","Edy's Outshine Fruit Bars, Lime",fro_icecr,frozen,6ct,"		$4.99/ea($4.84/lb)",4.99,ea(,4.84/lb),,
16072,Edy's Slow-Churned Light French Silk Ice Cream,Edy's Slow-Churned Light French Silk Ice Cream,fro_icecr,frozen,1.5 quart,"		$5.29/ea",5.29,ea,,,
16073,Edy's Slow-Churned Light Fudge Tracks Ice Cream,Edy's Slow-Churned Light Fudge Tracks Ice Cream,fro_icecr,frozen,1.5 quart,"		$5.29/ea",5.29,ea,,,
16074,"Enlightened Low-Fat Ice Cream Bars, Fudge","Enlightened Low-Fat Ice Cream Bars, Fudge",fro_icecr,frozen,"4ct, 3.5oz ea","		$5.99/ea($6.81/lb)",5.99,ea(,6.81/lb),,
16075,Fudgsicle No Sugar Added Original Fudge Bars,Fudgsicle No Sugar Added Original Fudge Bars,fro_icecr,frozen,20 bars (1.65 oz each),"		$5.39/ea($2.62/lb)",5.39,ea(,2.62/lb),,
16076,Häagen-Dazs Chocolate & Dark Chocolate Ice Cream Bars,Häagen-Dazs Chocolate & Dark Chocolate Ice Cream Bars,fro_icecr,frozen,3pc (9oz),"		$4.59/ea($8.20/lb)",4.59,ea(,8.20/lb),,
16077,Häagen-Dazs Chocolate Chocolate Chip Ice Cream,Häagen-Dazs Chocolate Chocolate Chip Ice Cream,fro_icecr,frozen,14oz,"		$4.99/ea($5.67/lb)",4.99,ea(,5.67/lb),,
16078,Häagen-Dazs Dulce de Leche Ice Cream,Häagen-Dazs Dulce de Leche Ice Cream,fro_icecr,frozen,14oz,"		$4.99/ea($5.67/lb)",4.99,ea(,5.67/lb),,
16079,Häagen-Dazs Low-Fat Vanilla Frozen Yogurt,Häagen-Dazs Low-Fat Vanilla Frozen Yogurt,fro_icecr,frozen,14oz,"		$4.99/ea($5.67/lb)",4.99,ea(,5.67/lb),,
16080,Häagen-Dazs Mint Chip Ice Cream,Häagen-Dazs Mint Chip Ice Cream,fro_icecr,frozen,14oz,"		$4.99/ea($5.67/lb)",4.99,ea(,5.67/lb),,
16081,Häagen-Dazs Strawberry Ice Cream,Häagen-Dazs Strawberry Ice Cream,fro_icecr,frozen,14oz,"		$4.99/ea($5.67/lb)",4.99,ea(,5.67/lb),,
16082,Häagen-Dazs Vanilla & Almonds Ice Cream Bars,Häagen-Dazs Vanilla & Almonds Ice Cream Bars,fro_icecr,frozen,3pc (9oz),"		$4.59/ea($8.20/lb)",4.59,ea(,8.20/lb),,
16083,Häagen-Dazs Vanilla & Milk Chocolate Ice Cream Bars,Häagen-Dazs Vanilla & Milk Chocolate Ice Cream Bars,fro_icecr,frozen,3pc (9oz),"		$4.59/ea($8.20/lb)",4.59,ea(,8.20/lb),,
16085,"LunaPops Handcrafted Frozen Pops, Cookies & Cream","LunaPops Handcrafted Frozen Pops, Cookies & Cream",fro_icecr,frozen,"4pk, 3oz ea","		$5.99/ea($7.99/lb)",5.99,ea(,7.99/lb),,
16086,"LunaPops Handcrafted Frozen Pops, Sea Salt Caramel","LunaPops Handcrafted Frozen Pops, Sea Salt Caramel",fro_icecr,frozen,"4pk, 3oz ea","		$5.99/ea($7.99/lb)",5.99,ea(,7.99/lb),,
16087,"Mikawaya Mochi Ice Cream, Matcha Green Tea","Mikawaya Mochi Ice Cream, Matcha Green Tea",fro_icecr,frozen,"6ct, 2oz ea","		$4.99/ea($6.65/lb)",4.99,ea(,6.65/lb),,
16088,"Popsicle Sugar-Free Orange, Cherry & Grape Ice Pops","Popsicle Sugar-Free Orange, Cherry & Grape Ice Pops",fro_icecr,frozen,1.75oz,"		$4.29/ea($3.27/lb)",4.29,ea(,3.27/lb),,
16090,Skinny Cow Chocolate Truffle Bars,Skinny Cow Chocolate Truffle Bars,fro_icecr,frozen,"6ct, 2.65oz ea","		$5.99/ea($6.05/lb)",5.99,ea(,6.05/lb),,
16091,Skinny Cow Low Fat Fudge Bars,Skinny Cow Low Fat Fudge Bars,fro_icecr,frozen,6pk (24oz),"		$5.99/ea($3.99/lb)",5.99,ea(,3.99/lb),,
16092,Skinny Cow Mint Ice Cream Sandwiches,Skinny Cow Mint Ice Cream Sandwiches,fro_icecr,frozen,6pk (4oz bars),"		$5.99/ea($3.99/lb)",5.99,ea(,3.99/lb),,
16093,So Delicious Coconut Milk Bar Minis Coconut Almond Non-Dairy Frozen Dessert,So Delicious Coconut Milk Bar Minis Coconut Almond Non-Dairy Frozen Dessert,fro_icecr,frozen,"4ct, 2.3oz ea","		$5.59/ea($9.64/lb)",5.59,ea(,9.64/lb),,
16094,So Delicious Coconut Milk Sandwich Minis Vanilla Non-Dairy Frozen Dessert,So Delicious Coconut Milk Sandwich Minis Vanilla Non-Dairy Frozen Dessert,fro_icecr,frozen,"8ct, 2.3oz ea","		$5.59/ea($4.86/lb)",5.59,ea(,4.86/lb),,
16095,Steve's Ice Cream Brooklyn Blackout Cake Ice Cream,Steve's Ice Cream Brooklyn Blackout Cake Ice Cream,fro_icecr,frozen,16oz,"		$5.99/ea",5.99,ea,,,
16096,Steve's Ice Cream Salty Caramel Ice Cream,Steve's Ice Cream Salty Caramel Ice Cream,fro_icecr,frozen,16oz,"		$5.99/ea",5.99,ea,,,
16097,Talenti Caramel Cookie Crunch Gelato,Talenti Caramel Cookie Crunch Gelato,fro_icecr,frozen,1 pint (473ml),"		$4.99/ea",4.99,ea,,,
16098,Tofutti Dairy-Free Vanilla Cuties Sandwiches,Tofutti Dairy-Free Vanilla Cuties Sandwiches,fro_icecr,frozen,"8ct, 1.5oz ea","		$4.99/ea($6.65/lb)",4.99,ea(,6.65/lb),,
16099,"Weight Watchers Ice Cream Candy Bar, Peanut Butter Caramel","Weight Watchers Ice Cream Candy Bar, Peanut Butter Caramel",fro_icecr,frozen,6 ct (2oz ea),"		$5.99/ea($7.99/lb)",5.99,ea(,7.99/lb),,
16100,Ben & Jerry's Americone Dream Ice Cream,Ben & Jerry's Americone Dream Ice Cream,fro_icecr,frozen,1 pint (16oz),"		$4.99/ea",4.99,ea,,,
16102,Blue Marble Brooklyn Organic Ice Cream Triple Marble Pack,Blue Marble Brooklyn Organic Ice Cream Triple Marble Pack,fro_icecr,frozen,"3pk, 3.5oz ea","		$6.99/ea($10.59/lb)",6.99,ea(,10.59/lb),,
16105,Coolhaus Chocolate Chip Cookie + Tahitian Vanilla Bean Ice Cream Sandwich,Coolhaus Chocolate Chip Cookie + Tahitian Vanilla Bean Ice Cream Sandwich,fro_icecr,frozen,"1ct, 5.2oz","		$4.99/ea($15.12/lb)",4.99,ea(,15.12/lb),,
16106,Coolhaus Chocolate Hazelnut Dipped in Salted Milk Choc & Almonds Ice Cream Bars,Coolhaus Chocolate Hazelnut Dipped in Salted Milk Choc & Almonds Ice Cream Bars,fro_icecr,frozen,"3ct, 3oz ea","		$5.99/ea($10.70/lb)",5.99,ea(,10.70/lb),,
16107,Coolhaus Double Chocolate Chip Cookie + Dirty Mint Chip Ice Cream Sandwich,Coolhaus Double Chocolate Chip Cookie + Dirty Mint Chip Ice Cream Sandwich,fro_icecr,frozen,"1ct, 5.2oz","		$4.99/ea($15.12/lb)",4.99,ea(,15.12/lb),,
16108,Coolhaus Double Chocolate Chip Cookie + Peanut Butter Ice Cream Sandwich,Coolhaus Double Chocolate Chip Cookie + Peanut Butter Ice Cream Sandwich,fro_icecr,frozen,"1ct, 5.8oz","		$4.99/ea($13.86/lb)",4.99,ea(,13.86/lb),,
16109,Coolhaus Snickerdoodle Cookie + Sea Salted Caramel Ice Cream Sandwich,Coolhaus Snickerdoodle Cookie + Sea Salted Caramel Ice Cream Sandwich,fro_icecr,frozen,"1ct, 5.8oz","		$4.99/ea($13.86/lb)",4.99,ea(,13.86/lb),,
16110,Coolhaus Tahitian Vanilla Bean Dipped In Salted Milk Chocolate Caramel & Pretzels Ice Cream Bars,Coolhaus Tahitian Vanilla Bean Dipped In Salted Milk Chocolate Caramel & Pretzels Ice Cream Bars,fro_icecr,frozen,"3ct, 3oz ea","		$5.99/ea($10.70/lb)",5.99,ea(,10.70/lb),,
16112,"Enlightened Low-Fat Ice Cream Bars, Coffee","Enlightened Low-Fat Ice Cream Bars, Coffee",fro_icecr,frozen,"4ct, 3.5oz ea","		$5.99/ea($6.81/lb)",5.99,ea(,6.81/lb),,
16113,"Enlightened Low-Fat Ice Cream Bars, Orange Cream","Enlightened Low-Fat Ice Cream Bars, Orange Cream",fro_icecr,frozen,"4ct, 3.5oz ea","		$5.99/ea($6.81/lb)",5.99,ea(,6.81/lb),,
16114,"Enlightened Low-Fat Ice Cream Bars, Peanut Butter","Enlightened Low-Fat Ice Cream Bars, Peanut Butter",fro_icecr,frozen,4ct,"		$5.99/ea($6.81/lb)",5.99,ea(,6.81/lb),,
16115,"Enlightened Low-Fat Ice Cream Sandwiches, Mint","Enlightened Low-Fat Ice Cream Sandwiches, Mint",fro_icecr,frozen,4ct,"		$5.99/ea($6.81/lb)",5.99,ea(,6.81/lb),,
16116,"Enlightened Low-Fat Ice Cream Sandwiches, Vanilla Bean","Enlightened Low-Fat Ice Cream Sandwiches, Vanilla Bean",fro_icecr,frozen,4ct,"		$5.99/ea($6.81/lb)",5.99,ea(,6.81/lb),,
16118,"GoodPop All-Natural Frozen Pops, Chocolate Milk","GoodPop All-Natural Frozen Pops, Chocolate Milk",fro_icecr,frozen,"4ct, 2.75oz ea","		$5.99/ea($8.68/lb)",5.99,ea(,8.68/lb),,
16119,"GoodPop All-Natural Frozen Pops, Coldbrew Coffee","GoodPop All-Natural Frozen Pops, Coldbrew Coffee",fro_icecr,frozen,"4ct, 2.75oz ea","		$5.99/ea($8.68/lb)",5.99,ea(,8.68/lb),,
16120,"GoodPop All-Natural Frozen Pops, Strawberry Lemonade","GoodPop All-Natural Frozen Pops, Strawberry Lemonade",fro_icecr,frozen,"4ct, 2.75oz ea","		$5.99/ea($8.68/lb)",5.99,ea(,8.68/lb),,
16121,"GoodPop All-Natural Frozen Pops, Watermelon Agave","GoodPop All-Natural Frozen Pops, Watermelon Agave",fro_icecr,frozen,"4ct, 2.75oz ea","		$5.99/ea($8.68/lb)",5.99,ea(,8.68/lb),,
16122,"Häagen-Dazs Low Fat Frozen Yogurt, Coffee","Häagen-Dazs Low Fat Frozen Yogurt, Coffee",fro_icecr,frozen,14oz,"		$4.99/ea($5.67/lb)",4.99,ea(,5.67/lb),,
16123,Häagen-Dazs Vanilla Swiss Almond Ice Cream,Häagen-Dazs Vanilla Swiss Almond Ice Cream,fro_icecr,frozen,14oz,"		$4.99/ea($5.67/lb)",4.99,ea(,5.67/lb),,
16124,il laboratorio del gelato Lemon Sorbet,il laboratorio del gelato Lemon Sorbet,fro_icecr,frozen,20oz,"		$9.99/ea($7.99/lb)",9.99,ea(,7.99/lb),,
16125,il laboratorio del gelato Mint Chip Gelato,il laboratorio del gelato Mint Chip Gelato,fro_icecr,frozen,20oz,"		$9.99/ea($7.99/lb)",9.99,ea(,7.99/lb),,
16126,"It's-It Oatmeal Cookie Ice Cream Sandwiches, 3 Pack, Cappuccino","It's-It Oatmeal Cookie Ice Cream Sandwiches, 3 Pack, Cappuccino",fro_icecr,frozen,"3ct, 5.5oz ea","		$6.99/ea($6.79/lb)",6.99,ea(,6.79/lb),,
16127,"It's-It Oatmeal Cookie Ice Cream Sandwiches, 3 Pack, Mint","It's-It Oatmeal Cookie Ice Cream Sandwiches, 3 Pack, Mint",fro_icecr,frozen,"3ct, 5.5oz ea","		$6.99/ea($6.79/lb)",6.99,ea(,6.79/lb),,
16128,"It's-It Oatmeal Cookie Ice Cream Sandwiches, 3 Pack, Vanilla","It's-It Oatmeal Cookie Ice Cream Sandwiches, 3 Pack, Vanilla",fro_icecr,frozen,"3ct, 5.5oz ea","		$6.99/ea($6.79/lb)",6.99,ea(,6.79/lb),,
16130,"Mikawaya Mochi Ice Cream, Chocolate Chocolate","Mikawaya Mochi Ice Cream, Chocolate Chocolate",fro_icecr,frozen,"6ct, 2oz ea","		$4.99/ea($6.65/lb)",4.99,ea(,6.65/lb),,
16131,"Mikawaya Mochi Ice Cream, Mint Chip","Mikawaya Mochi Ice Cream, Mint Chip",fro_icecr,frozen,"6ct, 2oz ea","		$4.99/ea($6.65/lb)",4.99,ea(,6.65/lb),,
16132,"Mikawaya Mochi Ice Cream, Strawberry","Mikawaya Mochi Ice Cream, Strawberry",fro_icecr,frozen,"6ct, 2oz ea","		$4.99/ea($6.65/lb)",4.99,ea(,6.65/lb),,
16133,"Mikawaya Mochi Ice Cream, Vanilla","Mikawaya Mochi Ice Cream, Vanilla",fro_icecr,frozen,"6ct, 2oz ea","		$4.99/ea($6.65/lb)",4.99,ea(,6.65/lb),,
16134,Popsicle Sugar-Free Tropical Flavors Ice Pops,Popsicle Sugar-Free Tropical Flavors Ice Pops,fro_icecr,frozen,1.75oz,"		$4.29/ea($1.63/lb)",4.29,ea(,1.63/lb),,
16135,Snickers Ice Cream Bars,Snickers Ice Cream Bars,fro_icecr,frozen,"6ct, 2oz ea","		$5.99/ea($7.99/lb)",5.99,ea(,7.99/lb),,
16136,Steve's Ice Cream Chocolate Salty Caramel (Dairy-Free),Steve's Ice Cream Chocolate Salty Caramel (Dairy-Free),fro_icecr,frozen,1 pint (473ml),"		$5.99/ea",5.99,ea,,,
16137,Steve's Ice Cream Cold Brewed Cinnamon Coffee (Dairy-Free),Steve's Ice Cream Cold Brewed Cinnamon Coffee (Dairy-Free),fro_icecr,frozen,16oz,"		$5.99/ea",5.99,ea,,,
16138,Steve's Ice Cream Small Batch Bourbon Vanilla Ice Cream,Steve's Ice Cream Small Batch Bourbon Vanilla Ice Cream,fro_icecr,frozen,16oz,"		$5.99/ea",5.99,ea,,,
16139,Steve's Ice Cream Southern Banana Pudding Ice Cream,Steve's Ice Cream Southern Banana Pudding Ice Cream,fro_icecr,frozen,1 pint (473ml),"		$5.99/ea",5.99,ea,,,
16140,Talenti Southern Butter Pecan Gelato,Talenti Southern Butter Pecan Gelato,fro_icecr,frozen,1 pint (473ml),"		$4.99/ea",4.99,ea,,,
16141,Weight Watchers Giant Chocolate Fudge Bars,Weight Watchers Giant Chocolate Fudge Bars,fro_icecr,frozen,6ct (4oz ea),"		$5.99/ea($3.99/lb)",5.99,ea(,3.99/lb),,
16142,Weight Watchers Smart Ones Frozen Chocolate Chip Cookie Dough Sundae,Weight Watchers Smart Ones Frozen Chocolate Chip Cookie Dough Sundae,fro_icecr,frozen,8.6oz,"		$3.99/ea($7.39/lb)",3.99,ea(,7.39/lb),,
16144,"Blue Marble Organic Ice Cream, Mexican Chocolate","Blue Marble Organic Ice Cream, Mexican Chocolate",fro_icecr,frozen,14oz,"		$6.99/ea($7.94/lb)",6.99,ea(,7.94/lb),,
16145,"Blue Marble Organic Ice Cream, Midnight Mint Cookie","Blue Marble Organic Ice Cream, Midnight Mint Cookie",fro_icecr,frozen,14oz,"		$6.99/ea($7.94/lb)",6.99,ea(,7.94/lb),,
16146,"DF Mavens Dairy-Free Almond Milk Frozen Dessert, Mocha Almond Chip","DF Mavens Dairy-Free Almond Milk Frozen Dessert, Mocha Almond Chip",fro_icecr,frozen,16oz,"		$5.99/ea",5.99,ea,,,
16147,"DF Mavens Dairy-Free Coconut Milk Frozen Dessert, Del Lago Chocolate","DF Mavens Dairy-Free Coconut Milk Frozen Dessert, Del Lago Chocolate",fro_icecr,frozen,16oz,"		$5.99/ea",5.99,ea,,,
16148,"DF Mavens Dairy-Free Coconut Milk Frozen Dessert, Key Lime Creme","DF Mavens Dairy-Free Coconut Milk Frozen Dessert, Key Lime Creme",fro_icecr,frozen,16oz,"		$5.99/ea",5.99,ea,,,
16149,"DF Mavens Dairy-Free Coconut Milk Frozen Dessert, Madagascar Vanilla Bean","DF Mavens Dairy-Free Coconut Milk Frozen Dessert, Madagascar Vanilla Bean",fro_icecr,frozen,16oz,"		$5.99/ea",5.99,ea,,,
16150,"Enlightened Low-Fat Ice Cream Bars, Sea Salt Caramel","Enlightened Low-Fat Ice Cream Bars, Sea Salt Caramel",fro_icecr,frozen,"4ct, 3.75oz ea","		$5.99/ea($6.37/lb)",5.99,ea(,6.37/lb),,
16153,"GoodPop All Natural Frozen Pops, Banana Cinnamon","GoodPop All Natural Frozen Pops, Banana Cinnamon",fro_icecr,frozen,"4ct, 3oz ea","		$5.99/ea($7.99/lb)",5.99,ea(,7.99/lb),,
16155,"Häagen-Dazs Ice Cream, Caramel Cone","Häagen-Dazs Ice Cream, Caramel Cone",fro_icecr,frozen,14oz,"		$4.99/ea",4.99,ea,,,
16156,il laboratorio del gelato Bourbon Pecan Gelato,il laboratorio del gelato Bourbon Pecan Gelato,fro_icecr,frozen,20oz,"		$9.99/ea($7.99/lb)",9.99,ea(,7.99/lb),,
16157,il laboratorio del gelato Green Apple Sorbet,il laboratorio del gelato Green Apple Sorbet,fro_icecr,frozen,20oz,"		$9.99/ea($7.99/lb)",9.99,ea(,7.99/lb),,
16158,il laboratorio del gelato Malt Gelato,il laboratorio del gelato Malt Gelato,fro_icecr,frozen,20oz,"		$9.99/ea($7.99/lb)",9.99,ea(,7.99/lb),,
16159,il laboratorio del gelato Mascarpone Gelato,il laboratorio del gelato Mascarpone Gelato,fro_icecr,frozen,20oz,"		$9.99/ea($7.99/lb)",9.99,ea(,7.99/lb),,
16160,il laboratorio del gelato Pistachio Gelato,il laboratorio del gelato Pistachio Gelato,fro_icecr,frozen,20oz,"		$9.99/ea($7.99/lb)",9.99,ea(,7.99/lb),,
16161,Klondike Classic Vanilla Ice Cream Sandwiches,Klondike Classic Vanilla Ice Cream Sandwiches,fro_icecr,frozen,"6ct, 4.23floz ea","		$5.99/ea",5.99,ea,,,
16162,Klondike The Original Ice Cream Bars,Klondike The Original Ice Cream Bars,fro_icecr,frozen,6ct,"		$5.99/ea",5.99,ea,,,
16163,"Mikawaya Mochi Ice Cream, Black Sesame","Mikawaya Mochi Ice Cream, Black Sesame",fro_icecr,frozen,"6ct, 2oz ea","		$4.99/ea($6.65/lb)",4.99,ea(,6.65/lb),,
16175,Talenti Caribbean Coconut Gelato,Talenti Caribbean Coconut Gelato,fro_icecr,frozen,1 pint (473ml),"		$4.99/ea",4.99,ea,,,
16176,Talenti Sea Salt Caramel Gelato,Talenti Sea Salt Caramel Gelato,fro_icecr,frozen,1 quart (946ml),"		$9.49/ea",9.49,ea,,,
16177,Talenti Tahitian Vanilla Bean Gelato,Talenti Tahitian Vanilla Bean Gelato,fro_icecr,frozen,1 quart (946ml),"		$9.49/ea",9.49,ea,,,
16178,"Weight Watchers Ice Cream Bar, Cookies & Cream","Weight Watchers Ice Cream Bar, Cookies & Cream",fro_icecr,frozen,"6ct, 2.65oz ea","		$5.99/ea($6.05/lb)",5.99,ea(,6.05/lb),,
16179,"Weight Watchers Ice Cream Bar, Dark Chocolate Raspberry","Weight Watchers Ice Cream Bar, Dark Chocolate Raspberry",fro_icecr,frozen,"12ct, 1.75oz ea","		$5.99/ea($4.57/lb)",5.99,ea(,4.57/lb),,
16180,"Weight Watchers Ice Cream Sundae Cone, Giant Vanilla Fudge","Weight Watchers Ice Cream Sundae Cone, Giant Vanilla Fudge",fro_icecr,frozen,"4ct, 4oz ea","		$5.99/ea($5.99/lb)",5.99,ea(,5.99/lb),,
16187,Ben & Jerry's All Natural Phish Food Ice Cream,Ben & Jerry's All Natural Phish Food Ice Cream,fro_icecr,frozen,pint (16oz),"		$0.00/null",0,null,,,
16189,"LunaPops Handcrafted Frozen Pops, Pineapple Mango","LunaPops Handcrafted Frozen Pops, Pineapple Mango",fro_icecr,frozen,"4pk, 3oz ea","		$0.00/null($0.00/lb)",0,null(,0.00/lb),,
16190,"LunaPops Handcrafted Frozen Pops, Raspberry Chocolate Chip","LunaPops Handcrafted Frozen Pops, Raspberry Chocolate Chip",fro_icecr,frozen,"4pk, 3oz ea","		$0.00/null($0.00/lb)",0,null(,0.00/lb),,
16191,Perry's Vanilla Ice Cream Sandwiches,Perry's Vanilla Ice Cream Sandwiches,fro_icecr,frozen,"12ct, 3.5oz ea","		$0.00/null($0.00/lb)",0,null(,0.00/lb),,
16192,"Mikawaya Mochi Ice Cream, Mango","Mikawaya Mochi Ice Cream, Mango",fro_icecr,frozen,"6ct, 2oz ea","		$0.00/null($0.00/lb)",0,null(,0.00/lb),,
16193,"Yolato Frozen Yogurt Gelato Bars, Blueberrato","Yolato Frozen Yogurt Gelato Bars, Blueberrato",fro_icecr,frozen,"4ct, 3oz ea","		$0.00/null($0.00/lb)",0,null(,0.00/lb),,
16194,"Yolato Frozen Yogurt Gelato Bars, Naturalato","Yolato Frozen Yogurt Gelato Bars, Naturalato",fro_icecr,frozen,"4ct, 3oz ea","		$0.00/null($0.00/lb)",0,null(,0.00/lb),,
16195,"DF Mavens Dairy-Free Almond Milk Frozen Dessert, Mint Almond Cookie","DF Mavens Dairy-Free Almond Milk Frozen Dessert, Mint Almond Cookie",fro_icecr,frozen,16oz,"		$0.00/null",0,null,,,
16196,"DF Mavens Dairy-Free Frozen Dessert, New Orleans Salted Praline","DF Mavens Dairy-Free Frozen Dessert, New Orleans Salted Praline",fro_icecr,frozen,16oz,"		$0.00/null",0,null,,,
16197,"Sharon's Sorbet, Lemon","Sharon's Sorbet, Lemon",fro_icecr,frozen,1 pint," 	$0.00/null $5.99Any 2 Sharon's Sorbet for $9.00Mix'n'Match",0,null ,5.99Any 2 Sharon's Sorbet for 9.00Mix'n'Match,9.00Mix'n'Match,
16254,"Truwhip Natural Whipped Topping, Skinny","Truwhip Natural Whipped Topping, Skinny",fro_deser,frozen,10oz,"		$0.00/null($0.00/lb)",0,null(,0.00/lb),,
16297,"Goya Coconut Milk, Case","Goya Coconut Milk, Case",pan_family_size,pantry,"13.5oz, 24 per case","		$42.49/cs($2.10/lb)",42.49,cs(,2.10/lb),,
16299,"illy  Caffé Espresso Ground Decaf Coffee, Case","illy  Caffé Espresso Ground Decaf Coffee, Case",pan_family_size,pantry,"8.8oz, 6 per case","		$76.99/cs($12.83/ct)",76.99,cs(,12.83/ct),,
16300,"illy  Caffé Ground Espresso, Case","illy  Caffé Ground Espresso, Case",pan_family_size,pantry,"8.8oz, 6 per case","		$80.49/cs($13.42/ct)",80.49,cs(,13.42/ct),,
16301,"illy  Caffé Medium Grind Dark Roast for Drip Coffee Makers, Case","illy  Caffé Medium Grind Dark Roast for Drip Coffee Makers, Case",pan_family_size,pantry,"8.8oz, 6 per case","		$80.49/cs($13.42/ct)",80.49,cs(,13.42/ct),,
16303,"illy  iperEspresso Dark Roasted Capsules, Case","illy  iperEspresso Dark Roasted Capsules, Case",pan_family_size,pantry,"21ct, 6 per case","		$91.49/cs($15.25/ct)",91.49,cs(,15.25/ct),,
16331,"Nabisco Mini Chips Ahoy! Cookies Packs, Case","Nabisco Mini Chips Ahoy! Cookies Packs, Case",pan_family_size,pantry,"48ct, 1oz ea","		$22.99/cs($7.66/lb)",22.99,cs(,7.66/lb),,
16336,"Smartfood Snack Pack, Case","Smartfood Snack Pack, Case",pan_family_size,pantry,96ct,"		$28.49/cs($10.03/lb)",28.49,cs(,10.03/lb),,
16337,"Snyder's of Hanover 100 Calorie Variety Sack (Pretzels, Snaps, Sticks), Case","Snyder's of Hanover 100 Calorie Variety Sack (Pretzels, Snaps, Sticks), Case",pan_family_size,pantry,"88ct, 0.9oz ea","		$23.99/cs($4.85/lb)",23.99,cs(,4.85/lb),,
16338,"Snyder's of Hanover 100-Calorie Mini Pretzel Packs, Case","Snyder's of Hanover 100-Calorie Mini Pretzel Packs, Case",pan_family_size,pantry,"60ct, 0.9oz ea","		$19.49/cs($5.77/lb)",19.49,cs(,5.77/lb),,
16339,"Snyder's of Hanover 100-Calorie Pretzel Snaps Packs, Case","Snyder's of Hanover 100-Calorie Pretzel Snaps Packs, Case",pan_family_size,pantry,"60ct, 0.9oz ea","		$19.49/cs($5.77/lb)",19.49,cs(,5.77/lb),,
16340,"Snyder's of Hanover 100-Calorie Pretzel Sticks Packs, Case","Snyder's of Hanover 100-Calorie Pretzel Sticks Packs, Case",pan_family_size,pantry,"60ct, 0.9oz ea","		$19.49/cs($5.77/lb)",19.49,cs(,5.77/lb),,
16341,"Snyder's of Hanover Eat Smart Naturals Veggie Crisps - 100 Calorie Packs, Case","Snyder's of Hanover Eat Smart Naturals Veggie Crisps - 100 Calorie Packs, Case",pan_family_size,pantry,6ct,"		$22.99/cs($60.50/lb)",22.99,cs(,60.50/lb),,
16352,"illy  iperEspresso Medium Roasted Capsules, Case","illy  iperEspresso Medium Roasted Capsules, Case",pan_family_size,pantry,"21ct, 6 per case","		$0.00/null($0.00/ct)",0,null(,0.00/ct),,
16375,Organic Blueberries,Organic Blueberries,br,fruit,6oz,"		$3.99/ea",3.99,ea,,,
16379,Driscoll's Organic Blackberries,Driscoll's Organic Blackberries,br,fruit,NA,"		$5.99/pkg",5.99,pkg,,,
16384,Driscoll's Golden Raspberries,Driscoll's Golden Raspberries,br,fruit,6oz,"		$5.99/ea",5.99,ea,,,
16385,Driscoll's Sunshine Raspberries,Driscoll's Sunshine Raspberries,br,fruit,6oz,"		$5.99/ea",5.99,ea,,,
16388,Cape Gooseberries,Cape Gooseberries,br,fruit,3oz,"		$5.49/ea",5.49,ea,,,
16392,Organic Red Cherries,Organic Red Cherries,br,fruit,NA," 	$0.00/null $9.99",0,null ,9.99,,
16462,Earthbound Farm Organic Baby Spinach,Earthbound Farm Organic Baby Spinach,cut_veg,vegetables,10oz,"		$5.99/ea",5.99,ea,,,
16474,Dole Classic Cole Slaw Mix,Dole Classic Cole Slaw Mix,cut_veg,vegetables,NA,"		$1.99/14oz",1.99,14oz,,,
16477,Earthbound Farm Organic Butter Leaves,Earthbound Farm Organic Butter Leaves,cut_veg,vegetables,5oz,"		$4.99/5oz",4.99,5oz,,,
16480,Earthbound Farm Organic Romaine Heart Leaves,Earthbound Farm Organic Romaine Heart Leaves,cut_veg,vegetables,7oz,"		$4.99/7oz",4.99,7oz,,,
16481,Earthbound Farm Organic Spring Mix,Earthbound Farm Organic Spring Mix,cut_veg,vegetables,10oz,"		$5.99/ea",5.99,ea,,,
16488,Dole Classic Romaine,Dole Classic Romaine,cut_veg,vegetables,NA,"		$2.49/9oz",2.49,9oz,,,
16493,Dole Italian Salad Blend,Dole Italian Salad Blend,cut_veg,vegetables,NA,"		$2.99/10oz",2.99,10oz,,,
16494,Dole Ultimate Caesar Salad Kit,Dole Ultimate Caesar Salad Kit,cut_veg,vegetables,NA,"		$3.99/8.9oz",3.99,8.9oz,,,
16496,Earthbound Farm Organic Zen Blend,Earthbound Farm Organic Zen Blend,cut_veg,vegetables,5oz,"		$3.99/5oz",3.99,5oz,,,
16502,Dole American Salad Blend,Dole American Salad Blend,cut_veg,vegetables,NA,"		$2.99/12oz",2.99,12oz,,,
16503,Dole Classic Iceberg Salad,Dole Classic Iceberg Salad,cut_veg,vegetables,NA,"		$2.49/12oz",2.49,12oz,,,
16509,Earthbound Farm Organic Chia & Soba Noodles & Asian Greens PowerMeal Bowl,Earthbound Farm Organic Chia & Soba Noodles & Asian Greens PowerMeal Bowl,cut_veg,vegetables,6.5oz,"		$5.49/ea",5.49,ea,,,
16511,Earthbound Farm Organic Petites,Earthbound Farm Organic Petites,cut_veg,vegetables,5oz,"		$4.99/5oz",4.99,5oz,,,
16517,Dole Southwest Salad Kit,Dole Southwest Salad Kit,cut_veg,vegetables,NA,"		$3.99/10.5oz",3.99,10.5oz,,,
16523,Watercress,Watercress,cut_veg,vegetables,4oz,"		$3.99/ea",3.99,ea,,,
16526,Ocean Mist Farms Romaine Hearts,Ocean Mist Farms Romaine Hearts,letuc,vegetables,34oz,"		$3.99/3pk",3.99,3pk,,,
16529,Ocean Mist Farms Iceberg Lettuce,Ocean Mist Farms Iceberg Lettuce,letuc,vegetables,(about 20oz per head),"		$1.99/ea",1.99,ea,,,
16875,FreshDirect Oven-Ready Black Olive Loaf,FreshDirect Oven-Ready Black Olive Loaf,bfruitnutherb,bakery,20oz,"		$3.99/ea($3.19/lb)",3.99,ea(,3.19/lb),,
16947,FreshDirect Celery Sticks & Baby Carrots,FreshDirect Celery Sticks & Baby Carrots,rtc_veg,rtc,NA,"		$4.49/16oz($4.49/lb)",4.49,16oz(,4.49/lb),,
16966,First Response Early Result Pregnancy Test,First Response Early Result Pregnancy Test,hba_new_products,shop,2ct,"		$12.19/ea($6.10/ct)",12.19,ea(,6.10/ct),,
16968,"Men's Rogaine Easy-To-Use Foam Hair Regrowth Treatment, 3 Month Supply","Men's Rogaine Easy-To-Use Foam Hair Regrowth Treatment, 3 Month Supply",hba_new_products,shop,2.11oz,"		$52.65/ea($8.32/oz)",52.65,ea(,8.32/oz),,
16969,"Men's Rogaine Extra Strength Solution Hair Regrowth Treatment, 3 Month Supply","Men's Rogaine Extra Strength Solution Hair Regrowth Treatment, 3 Month Supply",hba_new_products,shop,2floz,"		$52.65/ea($8.78/oz)",52.65,ea(,8.78/oz),,
16970,"Monistat 1 Vaginal Antifungal Yeast Infection Treatment, Combination Pack","Monistat 1 Vaginal Antifungal Yeast Infection Treatment, Combination Pack",hba_new_products,shop,1ct,"		$17.69/ea",17.69,ea,,,
16971,"Nasacort Allergy 24-Hour Multi-Symptom Nasal Allergy Spray, Original","Nasacort Allergy 24-Hour Multi-Symptom Nasal Allergy Spray, Original",hba_new_products,shop,0.57floz,"		$19.79/ea($34.72/oz)",19.79,ea(,34.72/oz),,
16972,Neutrogena Oil-Free Eye Makeup Remover,Neutrogena Oil-Free Eye Makeup Remover,hba_new_products,shop,5.5oz,"		$7.09/ea($1.29/oz)",7.09,ea(,1.29/oz),,
16973,Nivea Men Sensitive Post Shave Balm,Nivea Men Sensitive Post Shave Balm,hba_new_products,shop,3.3floz,"		$6.19/ea",6.19,ea,,,
16974,Olay Regenerist Micro-Sculpting Cream Moisturizer,Olay Regenerist Micro-Sculpting Cream Moisturizer,hba_new_products,shop,1.7oz,"		$25.49/ea($14.99/oz)",25.49,ea(,14.99/oz),,
16975,Old Spice Classic Scent After Shave,Old Spice Classic Scent After Shave,hba_new_products,shop,6.37floz,"		$7.89/ea($19.82/oz)",7.89,ea(,19.82/oz),,
16976,Vagisil Maximum Strength Medicated Anti-Itch Creme,Vagisil Maximum Strength Medicated Anti-Itch Creme,hba_new_products,shop,10oz,"		$4.45/ea($4.45/oz)",4.45,ea(,4.45/oz),,
16977,Vagisil Odor Block Protection Wash,Vagisil Odor Block Protection Wash,hba_new_products,shop,12floz,"		$4.95/ea($0.41/oz)",4.95,ea(,0.41/oz),,
16978,"Women's Rogaine 2% Minoxidil Topical Solution Hair Regrowth Treatment, 3 Month Supply","Women's Rogaine 2% Minoxidil Topical Solution Hair Regrowth Treatment, 3 Month Supply",hba_new_products,shop,2floz,"		$48.69/ea($8.12/oz)",48.69,ea(,8.12/oz),,
16979,"Zyrtec Allergy 24-Hour Liquid Gels, 10mg","Zyrtec Allergy 24-Hour Liquid Gels, 10mg",hba_new_products,shop,25ct,"		$19.99/ea($11.11/oz)",19.99,ea(,11.11/oz),,
16984,"Sabra Hummus, Roasted Red Pepper","Sabra Hummus, Roasted Red Pepper",spreads_dips,deli,10oz,"		$3.99/ea($6.33/lb)",3.99,ea(,6.33/lb),,
17050,FreshDirect Oven-Ready Light Sourdough Bâtarde,FreshDirect Oven-Ready Light Sourdough Bâtarde,fro_fd,frozen,16oz,"		$2.99/ea($2.99/lb)",2.99,ea(,2.99/lb),,
17239,"Wild Jumbo Soft-Shell Crab, Cleaned","Wild Jumbo Soft-Shell Crab, Cleaned",scrb,seafood,NA,"		$8.99/ea",8.99,ea,,,
17240,Copper River Seafoods Wild Alaskan King Crab Legs,Copper River Seafoods Wild Alaskan King Crab Legs,scrb,seafood,NA,"		$23.99/lb",23.99,lb,,,
17241,Wild Snow Crab Legs,Wild Snow Crab Legs,scrb,seafood,NA,"		$12.99/lb",12.99,lb,,,
17242,"Premium Claw Wild Crabmeat, Pasteurized","Premium Claw Wild Crabmeat, Pasteurized",scrb,seafood,8oz,"		$9.99/ea",9.99,ea,,,
17243,"Premium Super Lump Wild Crabmeat, Pasteurized","Premium Super Lump Wild Crabmeat, Pasteurized",scrb,seafood,8oz,"		$15.99/ea",15.99,ea,,,
17244,"Premium Jumbo Lump Wild Crabmeat, Pasteurized ","Premium Jumbo Lump Wild Crabmeat, Pasteurized ",scrb,seafood,8oz,"		$20.99/ea",20.99,ea,,,
17325,FreshDirect Scallion Cream Cheese,FreshDirect Scallion Cream Cheese,cream_cheese,deli,8oz,"		$4.49/ea($8.98/lb)",4.49,ea(,8.98/lb),,
17327,FreshDirect Plain Cream Cheese,FreshDirect Plain Cream Cheese,cream_cheese,deli,8oz,"		$3.99/ea($7.98/lb)",3.99,ea(,7.98/lb),,
17328,FreshDirect Smoked Salmon Cream Cheese,FreshDirect Smoked Salmon Cream Cheese,cream_cheese,deli,8oz,"		$3.99/ea($7.98/lb)",3.99,ea(,7.98/lb),,
17329,FreshDirect Vegetable Cream Cheese,FreshDirect Vegetable Cream Cheese,cream_cheese,deli,8oz,"		$3.99/ea($7.98/lb)",3.99,ea(,7.98/lb),,
17338,Chateau de Laubade Signature Very Special Bas Armagnac,Chateau de Laubade Signature Very Special Bas Armagnac,vin_spirits_brandy,wine,750ml,"		$32.99/ea($43.99/l)",32.99,ea(,43.99/l),,
17342,Hennessy VS Cognac,Hennessy VS Cognac,vin_spirits_brandy,wine,750ml,"		$43.99/ea($58.65/l)",43.99,ea(,58.65/l),,
17343,Laird's Applejack,Laird's Applejack,vin_spirits_brandy,wine,750ml,"		$19.99/ea($26.65/l)",19.99,ea(,26.65/l),,
17344,Rémy Martin VSOP Cognac,Rémy Martin VSOP Cognac,vin_spirits_brandy,wine,750ml,"		$51.99/ea($69.32/l)",51.99,ea(,69.32/l),,
17369,"Urbani Truffles - Truffle Thrills, Cream and Truffles","Urbani Truffles - Truffle Thrills, Cream and Truffles",truf,deli,6.1oz,"		$9.99/ea($26.29/lb)",9.99,ea(,26.29/lb),,
17370,"Urbani Truffles - Truffle Thrills, White Truffle and Porcini","Urbani Truffles - Truffle Thrills, White Truffle and Porcini",truf,deli,6.1oz,"		$9.99/ea($26.29/lb)",9.99,ea(,26.29/lb),,
17371,Cowboy Brand 100% All-Natural Hardwood Lump Charcoal,Cowboy Brand 100% All-Natural Hardwood Lump Charcoal,hhd_new,shop,8.8lb bag,"		$8.99/ea",8.99,ea,,,
17373,"USA Tealight Glass Votives, Unscented","USA Tealight Glass Votives, Unscented",hhd_new,shop,12ct,"		$7.49/ea($0.62/ct)",7.49,ea(,0.62/ct),,
17374,"USA Tealight Tealights, Fresh Cotton","USA Tealight Tealights, Fresh Cotton",hhd_new,shop,30ct,"		$2.99/ea($0.10/ct)",2.99,ea(,0.10/ct),,
17375,"USA Tealight Tealights, Unscented","USA Tealight Tealights, Unscented",hhd_new,shop,50ct,"		$2.99/ea($0.06/ct)",2.99,ea(,0.06/ct),,
17376,"USA Tealight Tealights, Unscented","USA Tealight Tealights, Unscented",hhd_new,shop,100ct,"		$5.99/ea($0.06/ct)",5.99,ea(,0.06/ct),,
17377,"USA Tealight Tealights, Vanilla","USA Tealight Tealights, Vanilla",hhd_new,shop,30ct,"		$2.99/ea($0.10/ct)",2.99,ea(,0.10/ct),,
17378,"USA Tealight Tealights, Warm Apple Pie","USA Tealight Tealights, Warm Apple Pie",hhd_new,shop,30ct,"		$2.99/ea($0.10/ct)",2.99,ea(,0.10/ct),,
17398,FreshDirect Lobster Ravioli,FreshDirect Lobster Ravioli,hmr_fresh,4mm,9.5oz,"		$9.99/ea($16.93/lb)",9.99,ea(,16.93/lb),,
17399,FreshDirect Mushroom Ravioli,FreshDirect Mushroom Ravioli,hmr_fresh,4mm,10.1oz,"		$7.99/ea($12.68/lb)",7.99,ea(,12.68/lb),,
17400,FreshDirect Pasta Primavera,FreshDirect Pasta Primavera,hmr_fresh,4mm,13.4oz,"		$0.00/null($0.00/lb)",0,null(,0.00/lb),,
17447,Annie's Homegrown Bunny Shape Macaroni & Cheese,Annie's Homegrown Bunny Shape Macaroni & Cheese,gro_pasta,pantry,6oz,"		$2.29/ea($6.03/lb)",2.29,ea(,6.03/lb),,
17448,Annie's Homegrown Classic Mild Cheddar Macaroni & Cheese,Annie's Homegrown Classic Mild Cheddar Macaroni & Cheese,gro_pasta,pantry,6oz,"		$2.29/ea($6.03/lb)",2.29,ea(,6.03/lb),,
17449,Annie's Homegrown Original Pasta Shells & White Cheddar Cheese,Annie's Homegrown Original Pasta Shells & White Cheddar Cheese,gro_pasta,pantry,6oz,"		$2.29/ea",2.29,ea,,,
17450,Kraft Original Elbow Macaroni & Cheese,Kraft Original Elbow Macaroni & Cheese,gro_pasta,pantry,7.25oz,"		$1.59/ea($3.53/lb)",1.59,ea(,3.53/lb),,
17451,Annie's Homegrown Arthur Macaroni & Cheese,Annie's Homegrown Arthur Macaroni & Cheese,gro_pasta,pantry,6oz,"		$2.29/ea($6.03/lb)",2.29,ea(,6.03/lb),,
17452,Annie's Homegrown Deluxe Elbows & Four Cheese Sauce,Annie's Homegrown Deluxe Elbows & Four Cheese Sauce,gro_pasta,pantry,10oz,"		$3.79/ea",3.79,ea,,,
17453,Annie's Homegrown Deluxe Shells & Real Aged Cheddar Sauce,Annie's Homegrown Deluxe Shells & Real Aged Cheddar Sauce,gro_pasta,pantry,11oz,"		$3.79/ea",3.79,ea,,,
17454,Annie's Homegrown Microwavable Single Serve White Cheddar Mac & Cheese,Annie's Homegrown Microwavable Single Serve White Cheddar Mac & Cheese,gro_pasta,pantry,10.7oz,"		$5.29/ea($7.90/lb)",5.29,ea(,7.90/lb),,
17455,Annie's Homegrown Organic Shells & Real Aged Cheddar Macaroni & Cheese,Annie's Homegrown Organic Shells & Real Aged Cheddar Macaroni & Cheese,gro_pasta,pantry,6oz,"		$2.69/ea($7.08/lb)",2.69,ea(,7.08/lb),,
17457,Annie's Homegrown Shells & Real Aged Cheddar Macaroni & Cheese,Annie's Homegrown Shells & Real Aged Cheddar Macaroni & Cheese,gro_pasta,pantry,6oz,"		$2.29/ea($6.03/lb)",2.29,ea(,6.03/lb),,
17458,"Kraft Easy Mac in Microwavable Cup, Original","Kraft Easy Mac in Microwavable Cup, Original",gro_pasta,pantry,2.05oz,"		$1.49/ea($11.46/lb)",1.49,ea(,11.46/lb),,
17460,Annie's Homegrown Family Size Shells & Cheddar,Annie's Homegrown Family Size Shells & Cheddar,gro_pasta,pantry,12oz,"		$3.39/ea($4.52/lb)",3.39,ea(,4.52/lb),,
17461,Annie's Homegrown Organic Shells & White Cheddar,Annie's Homegrown Organic Shells & White Cheddar,gro_pasta,pantry,6oz,"		$2.69/ea($7.08/lb)",2.69,ea(,7.08/lb),,
17463,Kraft Deluxe Macaroni & Cheese Dinner,Kraft Deluxe Macaroni & Cheese Dinner,gro_pasta,pantry,14oz,"		$3.49/ea($3.97/lb)",3.49,ea(,3.97/lb),,
17464,Kraft Macaroni & Cheese Dinner with Spirals,Kraft Macaroni & Cheese Dinner with Spirals,gro_pasta,pantry,5.5oz,"		$1.59/ea($4.68/lb)",1.59,ea(,4.68/lb),,
17465,Kraft Velveeta Shells & Cheese,Kraft Velveeta Shells & Cheese,gro_pasta,pantry,12oz,"		$3.29/ea($4.39/lb)",3.29,ea(,4.39/lb),,
17466,"Kraft Velveeta Shells & Cheese in Microwavable Cup, Original","Kraft Velveeta Shells & Cheese in Microwavable Cup, Original",gro_pasta,pantry,2.39oz,"		$1.49/ea($9.93/lb)",1.49,ea(,9.93/lb),,
17467,"Kraft Easy Mac in Microwavable Cup, Original, Case","Kraft Easy Mac in Microwavable Cup, Original, Case",gro_pasta,pantry,"10 per case, 2.05oz ea","		$12.99/cs($10.15/lb)",12.99,cs(,10.15/lb),,
17468,Pennsylvania Dutch Broad Egg Noodles,Pennsylvania Dutch Broad Egg Noodles,gro_pasta,pantry,12oz,"		$2.29/ea($3.05/lb)",2.29,ea(,3.05/lb),,
17490,Ronzoni Tri-Color Garden Delight Rotini,Ronzoni Tri-Color Garden Delight Rotini,gro_pasta,pantry,12oz,"		$1.99/ea($2.65/lb)",1.99,ea(,2.65/lb),,
17496,Bionaturae Organic Fusilli,Bionaturae Organic Fusilli,gro_pasta,pantry,16oz,"		$2.99/ea($2.99/lb)",2.99,ea(,2.99/lb),,
17497,De Cecco Fusilli with Spinach,De Cecco Fusilli with Spinach,gro_pasta,pantry,12oz,"		$2.49/ea($3.32/lb)",2.49,ea(,3.32/lb),,
17498,De Cecco Tricolor Fusilli,De Cecco Tricolor Fusilli,gro_pasta,pantry,12oz,"		$2.49/ea($3.32/lb)",2.49,ea(,3.32/lb),,
17499,Garofalo 100% Durum Wheat Semolina Fusilli,Garofalo 100% Durum Wheat Semolina Fusilli,gro_pasta,pantry,16oz,"		$2.39/ea($2.39/lb)",2.39,ea(,2.39/lb),,
17513,Garofalo 100% Durum Wheat Semolina Bucatini,Garofalo 100% Durum Wheat Semolina Bucatini,gro_pasta,pantry,16oz,"		$2.39/ea($2.39/lb)",2.39,ea(,2.39/lb),,
17527,Bionaturae Organic Linguine,Bionaturae Organic Linguine,gro_pasta,pantry,16oz,"		$2.99/ea($2.99/lb)",2.99,ea(,2.99/lb),,
17528,De Cecco Linguine with Spinach,De Cecco Linguine with Spinach,gro_pasta,pantry,12oz,"		$2.49/ea($3.32/lb)",2.49,ea(,3.32/lb),,
17529,Garofalo 100% Durum Wheat Semolina Linguine,Garofalo 100% Durum Wheat Semolina Linguine,gro_pasta,pantry,16oz,"		$2.39/ea($2.39/lb)",2.39,ea(,2.39/lb),,
17530,Bionaturae Organic Pappardelle Egg Pasta,Bionaturae Organic Pappardelle Egg Pasta,gro_pasta,pantry,8.8oz,"		$3.19/ea($5.80/lb)",3.19,ea(,5.80/lb),,
17544,Garofalo 100% Durum Wheat Semolina Spaghetti,Garofalo 100% Durum Wheat Semolina Spaghetti,gro_pasta,pantry,16oz,"		$2.39/ea($2.39/lb)",2.39,ea(,2.39/lb),,
17548,DeBoles All-Natural Artichoke Spaghetti,DeBoles All-Natural Artichoke Spaghetti,gro_pasta,pantry,8oz,"		$2.19/ea($4.38/lb)",2.19,ea(,4.38/lb),,
17549,Rao's Homemade Spaghetti,Rao's Homemade Spaghetti,gro_pasta,pantry,17.6oz,"		$3.79/ea($3.45/lb)",3.79,ea(,3.45/lb),,
17553,Ronzoni Orzo,Ronzoni Orzo,gro_pasta,pantry,16oz,"		$1.99/ea($1.99/lb)",1.99,ea(,1.99/lb),,
17554,Garofalo 100% Durum Wheat Semolina Orzo,Garofalo 100% Durum Wheat Semolina Orzo,gro_pasta,pantry,16oz,"		$2.39/ea($2.39/lb)",2.39,ea(,2.39/lb),,
17558,De Cecco Tricolor Pasta,De Cecco Tricolor Pasta,gro_pasta,pantry,12oz,"		$2.49/ea($3.32/lb)",2.49,ea(,3.32/lb),,
17559,Garofalo 100% Durum Wheat Semolina Farfalle,Garofalo 100% Durum Wheat Semolina Farfalle,gro_pasta,pantry,16oz,"		$2.39/ea($2.39/lb)",2.39,ea(,2.39/lb),,
17576,Bionaturae Organic Penne Rigate,Bionaturae Organic Penne Rigate,gro_pasta,pantry,16oz,"		$2.99/ea($2.99/lb)",2.99,ea(,2.99/lb),,
17578,De Cecco Organic Penne Rigate,De Cecco Organic Penne Rigate,gro_pasta,pantry,12oz,"		$2.89/ea($3.85/lb)",2.89,ea(,3.85/lb),,
17579,De Cecco Penne Rigate with Spinach,De Cecco Penne Rigate with Spinach,gro_pasta,pantry,12oz,"		$2.49/ea($3.32/lb)",2.49,ea(,3.32/lb),,
17580,Garofalo 100% Durum Wheat Semolina Penne Ziti Rigate,Garofalo 100% Durum Wheat Semolina Penne Ziti Rigate,gro_pasta,pantry,16oz,"		$2.39/ea($2.39/lb)",2.39,ea(,2.39/lb),,
17585,Rao's Homemade Penne Rigate,Rao's Homemade Penne Rigate,gro_pasta,pantry,17.6oz,"		$3.79/ea($3.45/lb)",3.79,ea(,3.45/lb),,
17586,Ronzoni Penne Rigate,Ronzoni Penne Rigate,gro_pasta,pantry,16oz,"		$1.99/ea($1.99/lb)",1.99,ea(,1.99/lb),,
17592,Rao's Homemade Rigatoni,Rao's Homemade Rigatoni,gro_pasta,pantry,17.6oz,"		$3.79/ea($3.45/lb)",3.79,ea(,3.45/lb),,
17631,Muir Glen Organic Diced Tomatoes,Muir Glen Organic Diced Tomatoes,gro_pasta,pantry,14.5oz,"		$1.99/ea($2.19/lb)",1.99,ea(,2.19/lb),,
17783,Pomi Chopped Tomatoes,Pomi Chopped Tomatoes,gro_pasta,pantry,26oz,"		$2.79/ea($1.71/lb)",2.79,ea(,1.71/lb),,
17795,Pomi Strained Tomatoes,Pomi Strained Tomatoes,gro_pasta,pantry,26.45oz,"		$2.79/ea($1.69/lb)",2.79,ea(,1.69/lb),,
17969,Colossal Shrimp Cocktail ,Colossal Shrimp Cocktail ,hmr_apps,meals,"7 shrimp, 2oz cocktail sauce","		$12.99/7pcs($1.86/ct)",12.99,7pcs(,1.86/ct),,
17976,"Atomic Wings Hot Wings, Medium","Atomic Wings Hot Wings, Medium",hmr_apps,meals,NA,"		$8.99/1lb($8.99/lb)",8.99,1lb(,8.99/lb),,
17980,"FreshDirect Chicken Wings, Barbeque","FreshDirect Chicken Wings, Barbeque",hmr_apps,meals,NA,"		$8.99/1lb($8.99/lb)",8.99,1lb(,8.99/lb),,
17981,"FreshDirect Chicken Wings, Buffalo","FreshDirect Chicken Wings, Buffalo",hmr_apps,meals,pint (16oz),"		$8.99/1lb($8.99/lb)",8.99,1lb(,8.99/lb),,
17983,FreshDirect Oven-Baked Chicken Wings,FreshDirect Oven-Baked Chicken Wings,hmr_apps,meals,NA,"		$8.99/1lb($8.99/lb)",8.99,1lb(,8.99/lb),,
17985,Barbeque Wings & Medium Atomic Hot Wings Combo  ,Barbeque Wings & Medium Atomic Hot Wings Combo  ,hmr_apps,meals,NA,"		$22.99/3lb($7.66/lb)",22.99,3lb(,7.66/lb),,
17987,"FreshDirect Chicken Wings, Jerk","FreshDirect Chicken Wings, Jerk",hmr_apps,meals,NA,"		$8.99/1lb($8.99/lb)",8.99,1lb(,8.99/lb),,
17988,"FreshDirect Chicken Wings, Roasted Garlic & Herb","FreshDirect Chicken Wings, Roasted Garlic & Herb",hmr_apps,meals,NA,"		$8.99/1lb($8.99/lb)",8.99,1lb(,8.99/lb),,
17989,FreshDirect Mini Spring Rolls with Dipping Sauce,FreshDirect Mini Spring Rolls with Dipping Sauce,hmr_apps,meals,15pc,"		$15.99/ea($1.07/ct)",15.99,ea(,1.07/ct),,
18119,Philadelphia Cream Cheese Spread,Philadelphia Cream Cheese Spread,dai_crmch,dairy,8oz,"		$2.99/ea($5.98/lb)",2.99,ea(,5.98/lb),,
18120,Philadelphia Whipped Cream Cheese,Philadelphia Whipped Cream Cheese,dai_crmch,dairy,8oz,"		$2.99/ea($5.98/lb)",2.99,ea(,5.98/lb),,
18122,Temp Tee Uniquely New York Whipped Cream Cheese,Temp Tee Uniquely New York Whipped Cream Cheese,dai_crmch,dairy,11.5oz,"		$4.59/ea($6.12/lb)",4.59,ea(,6.12/lb),,
18124,Philadelphia Cream Cheese Original,Philadelphia Cream Cheese Original,dai_crmch,dairy,8oz block,"		$2.99/ea($5.98/lb)",2.99,ea(,5.98/lb),,
18126,Philadelphia Light Soft Cream Cheese,Philadelphia Light Soft Cream Cheese,dai_crmch,dairy,12oz,"		$4.29/ea($5.72/lb)",4.29,ea(,5.72/lb),,
18132,Philadelphia Chive & Onion Cream Cheese,Philadelphia Chive & Onion Cream Cheese,dai_crmch,dairy,8oz,"		$2.99/ea($5.98/lb)",2.99,ea(,5.98/lb),,
18133,Philadelphia Fat Free Cream Cheese,Philadelphia Fat Free Cream Cheese,dai_crmch,dairy,8oz,"		$2.99/ea($5.98/lb)",2.99,ea(,5.98/lb),,
18135,"Just FreshDirect Whipped Cream Cheese Spread, rBST-Free","Just FreshDirect Whipped Cream Cheese Spread, rBST-Free",dai_crmch,dairy,8oz,"		$2.59/ea($5.18/lb)",2.59,ea(,5.18/lb),,
18136,"Just FreshDirect Cream Cheese Spread, rBST-Free","Just FreshDirect Cream Cheese Spread, rBST-Free",dai_crmch,dairy,8oz,"		$2.59/ea($5.18/lb)",2.59,ea(,5.18/lb),,
18140,Aveeno Active Naturals Nourish + Moisturize Shampoo,Aveeno Active Naturals Nourish + Moisturize Shampoo,hba_sales,shop,10.5oz,"		$7.99/eaAny 2 select Aveeno products for $14.00($0.76/oz)Mix'n'Match",7.99,eaAny 2 select Aveeno products for ,14.00(0.76/oz)Mix'n'Match,0.76/oz)Mix'n'Match,
18141,Aveeno Active Naturals Stress Relief Body Wash with Oatmeal,Aveeno Active Naturals Stress Relief Body Wash with Oatmeal,hba_sales,shop,12oz,"		$7.99/eaAny 2 select Aveeno products for $14.00($0.67/oz)Mix'n'Match",7.99,eaAny 2 select Aveeno products for ,14.00(0.67/oz)Mix'n'Match,0.67/oz)Mix'n'Match,
18142,Aveeno Postively Nourishing Hydrating Body Wash,Aveeno Postively Nourishing Hydrating Body Wash,hba_sales,shop,16oz,"		$7.99/eaAny 2 select Aveeno products for $14.00($0.50/oz)Mix'n'Match",7.99,eaAny 2 select Aveeno products for ,14.00(0.50/oz)Mix'n'Match,0.50/oz)Mix'n'Match,
18144,Alba Botanica Good & Healthy Oil-Free Radiance Cream,Alba Botanica Good & Healthy Oil-Free Radiance Cream,hba_sales,shop,1.7oz," 	$4.49/ea $8.99Save 50%($2.64/oz)",4.49,ea ,8.99Save 50%(2.64/oz),2.64/oz),
18145,Aveeno Active Naturals Nourish + Moisturize Conditioner,Aveeno Active Naturals Nourish + Moisturize Conditioner,hba_sales,shop,10.5oz,"		$7.99/eaAny 2 select Aveeno products for $14.00($0.76/oz)Mix'n'Match",7.99,eaAny 2 select Aveeno products for ,14.00(0.76/oz)Mix'n'Match,0.76/oz)Mix'n'Match,
18146,Aveeno Postively Nourishing Calming Body Wash,Aveeno Postively Nourishing Calming Body Wash,hba_sales,shop,16oz,"		$7.99/eaAny 2 select Aveeno products for $14.00($0.50/oz)Mix'n'Match",7.99,eaAny 2 select Aveeno products for ,14.00(0.50/oz)Mix'n'Match,0.50/oz)Mix'n'Match,
18152,"Babyganics Alcohol-Free Foaming Hand Sanitzer, Mandarin","Babyganics Alcohol-Free Foaming Hand Sanitzer, Mandarin",hba_sales,shop,1.7oz," 	$2.79/ea $3.99Save 30%($1.64/oz)",2.79,ea ,3.99Save 30%(1.64/oz),1.64/oz),
18154,"Banana Boat Sport Performance Sunscreen Lotion, SPF 30","Banana Boat Sport Performance Sunscreen Lotion, SPF 30",hba_sales,shop,8oz," 	$7.69/ea $10.99Save 30%",7.69,ea ,10.99Save 30%,,
18155,"Banana Boat Sport Performance Sunscreen Lotion, SPF 50","Banana Boat Sport Performance Sunscreen Lotion, SPF 50",hba_sales,shop,8oz," 	$7.69/ea $10.99Save 30%",7.69,ea ,10.99Save 30%,,
18156,"Common Good Hand Soap, Bergamot","Common Good Hand Soap, Bergamot",hba_sales,shop,12floz," 	$5.59/ea $6.99Save 20%($0.47/oz)",5.59,ea ,6.99Save 20%(0.47/oz),0.47/oz),
18157,"Common Good Hand Soap, Lavender","Common Good Hand Soap, Lavender",hba_sales,shop,12floz," 	$5.59/ea $6.99Save 20%($0.47/oz)",5.59,ea ,6.99Save 20%(0.47/oz),0.47/oz),
18158,"Common Good Hand Soap, Unscented","Common Good Hand Soap, Unscented",hba_sales,shop,12floz," 	$5.59/ea $6.99Save 20%($0.47/oz)",5.59,ea ,6.99Save 20%(0.47/oz),0.47/oz),
18159,"Coppertone Sport Sunscreen Lotion, SPF 30","Coppertone Sport Sunscreen Lotion, SPF 30",hba_sales,shop,8oz," 	5.50/ea $10.99Save 50%",5.5,/ea,10.99Save 50%,,
18160,"Coppertone Sport Sunscreen Spray, SPF 30","Coppertone Sport Sunscreen Spray, SPF 30",hba_sales,shop,6oz," 	$7.69/ea $10.99Save 30%",7.69,ea ,10.99Save 30%,,
18161,Jason Natural Cosmetics Dandruff Relief 2-in-1 Treatment Shampoo + Conditioner,Jason Natural Cosmetics Dandruff Relief 2-in-1 Treatment Shampoo + Conditioner,hba_sales,shop,12oz," 	$9.74/ea $12.99Save 25%($0.81/oz)",9.74,ea ,12.99Save 25%(0.81/oz),0.81/oz),
18162,K-Y Yours+Mine Couples Lubricants,K-Y Yours+Mine Couples Lubricants,hba_sales,shop,3oz," 	$13.99/ea $19.99Save 30%($73.63/pt)",13.99,ea ,19.99Save 30%(73.63/pt),73.63/pt),
18163,One A Day Men's Health Formula Multivitamin Multimineral Supplement,One A Day Men's Health Formula Multivitamin Multimineral Supplement,hba_sales,shop,100ct," 	$5.19/ea $10.49Save 50%($0.05/ct)",5.19,ea ,10.49Save 50%(0.05/ct),0.05/ct),
18168,"Sustain Lubricated Condoms, Comfort Fit","Sustain Lubricated Condoms, Comfort Fit",hba_sales,shop,3pk," 	$2.24/ea $4.49Save 50%($0.75/ct)",2.24,ea ,4.49Save 50%(0.75/ct),0.75/ct),
18169,"Sustain Lubricated Condoms, Comfort Fit","Sustain Lubricated Condoms, Comfort Fit",hba_sales,shop,10pk," 	6.50/ea $12.99Save 50%($0.65/ct)",6.5,/ea,12.99Save 50%(0.65/ct),0.65/ct),
18170,"Sustain Lubricated Condoms, Tailored Fit","Sustain Lubricated Condoms, Tailored Fit",hba_sales,shop,3pk," 	$2.24/ea $4.49Save 50%($0.75/ct)",2.24,ea ,4.49Save 50%(0.75/ct),0.75/ct),
18171,"Sustain Lubricated Condoms, Tailored Fit","Sustain Lubricated Condoms, Tailored Fit",hba_sales,shop,10pk," 	6.50/ea $12.99Save 50%($0.65/ct)",6.5,/ea,12.99Save 50%(0.65/ct),0.65/ct),
18176,Farm-Raised Tilapia Fillet Family Pack,Farm-Raised Tilapia Fillet Family Pack,sea_vpks,seafood,4pc (7-9oz ea),"		$7.99/lb",7.99,lb,,,
18180,Farm-Raised Catfish Fillet Family Pack,Farm-Raised Catfish Fillet Family Pack,sea_vpks,seafood,4pc (6-8oz ea),"		$8.49/lb",8.49,lb,,,
18181,Farm-Raised Cajun Catfish Fillets Family Pack,Farm-Raised Cajun Catfish Fillets Family Pack,sea_vpks,seafood,4ct,"		$8.99/lb",8.99,lb,,,
18316,Baileys Irish Cream Liqueur,Baileys Irish Cream Liqueur,vin_spirits_liqueurs,wine,750ml,"		$31.99/ea($42.65/l)",31.99,ea(,42.65/l),,
18317,Boulaine Amaretto,Boulaine Amaretto,vin_spirits_liqueurs,wine,1L (1000ml),"		$8.99/ea($8.99/l)",8.99,ea(,8.99/l),,
18319,Chambord Royale Raspberry Liqueur,Chambord Royale Raspberry Liqueur,vin_spirits_liqueurs,wine,750ml,"		$39.99/ea($53.32/l)",39.99,ea(,53.32/l),,
18320,"Chartreuse Liqueur, Green","Chartreuse Liqueur, Green",vin_spirits_liqueurs,wine,750ml,"		$54.99/ea($73.32/l)",54.99,ea(,73.32/l),,
18323,Dekuyper Peachtree Schnapps,Dekuyper Peachtree Schnapps,vin_spirits_liqueurs,wine,1L (1000ml),"		$12.99/ea($12.99/l)",12.99,ea(,12.99/l),,
18324,Disaronno Amaretto di Saronno,Disaronno Amaretto di Saronno,vin_spirits_liqueurs,wine,750ml,"		$33.99/ea($45.32/l)",33.99,ea(,45.32/l),,
18325,Domaine de Canton French Ginger Liqueur,Domaine de Canton French Ginger Liqueur,vin_spirits_liqueurs,wine,750ml,"		$37.99/ea($50.65/l)",37.99,ea(,50.65/l),,
18326,Drambuie Honey Liqueur,Drambuie Honey Liqueur,vin_spirits_liqueurs,wine,750ml,"		$37.99/ea($3799.00/l)",37.99,ea(,3799.00/l),,
18330,Luxardo Maraschino Liqueur,Luxardo Maraschino Liqueur,vin_spirits_liqueurs,wine,750ml,"		$31.99/ea($42.65/l)",31.99,ea(,42.65/l),,
18332,Patrón XO Café Liqueur,Patrón XO Café Liqueur,vin_spirits_liqueurs,wine,750ml,"		$29.99/ea($39.99/l)",29.99,ea(,39.99/l),,
18335,Romana Sambuca,Romana Sambuca,vin_spirits_liqueurs,wine,750ml,"		$32.99/ea($43.99/l)",32.99,ea(,43.99/l),,
18336,Rothman & Winter Crème de Violette,Rothman & Winter Crème de Violette,vin_spirits_liqueurs,wine,750ml,"		$24.99/ea($33.32/l)",24.99,ea(,33.32/l),,
18337,Sabroso Coffee Liqueur,Sabroso Coffee Liqueur,vin_spirits_liqueurs,wine,750ml,"		$11.99/ea($15.99/l)",11.99,ea(,15.99/l),,
18338,St. Germain Elderflower Liqueur,St. Germain Elderflower Liqueur,vin_spirits_liqueurs,wine,750ml,"		$36.99/ea($49.32/l)",36.99,ea(,49.32/l),,
18592,Chicken (Raised without Antibiotics) with Marsala Wine & Mushroom Sauce,Chicken (Raised without Antibiotics) with Marsala Wine & Mushroom Sauce,hmr_entree_pltry,meals,"4pcs, 21oz incl. sauce","		$14.99/eaabout $11.53/lb",14.99,eaabout ,11.53/lb,,
18602,"FreshDirect Oregano-Lime Chicken Breasts (Raised without Antibiotics), Family Pack","FreshDirect Oregano-Lime Chicken Breasts (Raised without Antibiotics), Family Pack",hmr_entree_pltry,meals,4pcs per pack,"		$9.99/lb",9.99,lb,,,
18611,"FreshDirect Chipotle Chicken & Rice, Family Size","FreshDirect Chipotle Chicken & Rice, Family Size",hmr_entree_pltry,meals,3.4lb (Serves 4-6),"		$19.99/ea($5.88/lb)",19.99,ea(,5.88/lb),,
18613,Roasted Bone-in Half Turkey Breast,Roasted Bone-in Half Turkey Breast,hmr_entree_pltry,meals,NA,"		$39.99/ea",39.99,ea,,,
18614,FreshDirect Rotisserie Chicken (Raised without Antibiotics),FreshDirect Rotisserie Chicken (Raised without Antibiotics),hmr_entree_pltry,meals,Serves 3-4," 	$0.00/null $9.99",0,null ,9.99,,
18616,"FreshDirect Rotisserie Chicken (Raised Without Antibiotics), Roasted Garlic & Herb","FreshDirect Rotisserie Chicken (Raised Without Antibiotics), Roasted Garlic & Herb",hmr_entree_pltry,meals,approx. 3.25-3.75lb raw weight (Serves 3-4)," 	$0.00/null $9.99",0,null ,9.99,,
18617,Marinated Roasted Half Chicken (Raised Without Antibiotics),Marinated Roasted Half Chicken (Raised Without Antibiotics),hmr_entree_pltry,meals,approx. 1.5-1.75lb raw weight (Serves 1-2),"		$0.00/nullAny 2 Flavors for $10.00Mix'n'Match",0,nullAny 2 Flavors for ,10.00Mix'n'Match,,
18618,"FreshDirect Roasted Half Chicken (Raised Without Antibiotics), Roasted Garlic & Herb","FreshDirect Roasted Half Chicken (Raised Without Antibiotics), Roasted Garlic & Herb",hmr_entree_pltry,meals,approx. 1.5-1.75lb raw weight (Serves 1-2),"		$0.00/nullAny 2 Flavors for $10.00Mix'n'Match",0,nullAny 2 Flavors for ,10.00Mix'n'Match,,
18619,"FreshDirect Rotisserie Chicken (Raised Without Antibiotics), Barbeque","FreshDirect Rotisserie Chicken (Raised Without Antibiotics), Barbeque",hmr_entree_pltry,meals,Serves 3-4," 	$0.00/null $9.99",0,null ,9.99,,
18620,"FreshDirect Roasted Half Chicken (Raised Without Antibiotics), Barbecue","FreshDirect Roasted Half Chicken (Raised Without Antibiotics), Barbecue",hmr_entree_pltry,meals,Serves 1-2," 	$0.00/null $5.99Any 2 Flavors for $10.00Mix'n'Match",0,null ,5.99Any 2 Flavors for 10.00Mix'n'Match,10.00Mix'n'Match,
18621,"FreshDirect Rotisserie Chicken (Raised Without Antibiotics), Jerk","FreshDirect Rotisserie Chicken (Raised Without Antibiotics), Jerk",hmr_entree_pltry,meals,Serves 3-4," 	$0.00/null $9.99",0,null ,9.99,,
18622,Smart & Simple Chicken Soft Tacos Meal Kit (Raised without Antibiotics),Smart & Simple Chicken Soft Tacos Meal Kit (Raised without Antibiotics),rtc_ss_mealkts,rtc,27oz,"		$12.99/serves 2($7.69/lb)",12.99,serves 2(,7.69/lb),,
18623,Smart & Simple Chicken Souvlaki Meal Kit,Smart & Simple Chicken Souvlaki Meal Kit,rtc_ss_mealkts,rtc,30oz,"		$14.99/serves 2($7.97/lb)",14.99,serves 2(,7.97/lb),,
18624,Smart & Simple Sustainable Salmon and Green Tea Soba Meal Kit,Smart & Simple Sustainable Salmon and Green Tea Soba Meal Kit,rtc_ss_mealkts,rtc,29oz,"		$15.99/serves 2($8.83/lb)",15.99,serves 2(,8.83/lb),,
18625,Smart & Simple Yogurt Chicken & Roasted Vegetables Meal Kit (Raised without Antibiotics),Smart & Simple Yogurt Chicken & Roasted Vegetables Meal Kit (Raised without Antibiotics),rtc_ss_mealkts,rtc,32oz,"		$13.79/serves 2($6.90/lb)",13.79,serves 2(,6.90/lb),,
